3500 5367
393 444 447 516 634
573 453 577 461 '
717 453 983 533 'Monuunnra
1000 454 1180 509 Ionarrann
1300 442 1307 460 “

358 622 451 667 mum
469 602 546 669 Rdi.
567 606 607 670 P.
626 606 671 673 D.
690 604 814 691 Ignatii
835 608 940 692 pedes
959 607 1146 686 osculetur,
1164 604 1244 672 dein
1260 606 1410 697 omnium
1425 608 1554 671 fratrum.

358 718 408 782 Ita
432 718 629 786 obseruabit
652 720 812 787 omnibus
832 722 997 802 calendis3
1022 724 1084 790 sed
1108 732 1220 790 tamen
1249 722 1357 808 prima
1383 721 1556 788 concionem

357 844 440 919 aget
455 836 570 901 nudus
586 836 629 901 ad
646 834 859 902 vmbilicum.

423 950 566 1036 Semper
582 950 741 1019 omnibus
757 952 920 1019 fratribus
936 963 1010 1019 tum
1025 952 1263 1021 sacerdotibus
1280 964 1353 1018 tum
1369 953 1459 1025 laicis
1478 952 1557 1020 dete·

356 1076 417 1151 gat
433 1076 548 1152 caput,
567 1078 601 1133 et
618 1067 666 1132 illi
682 1069 810 1135 nullus.

421 1182 563 1268 Semper
578 1186 643 1250 hoc
660 1186 833 1265 obseruet,
852 1196 901 1265 vt,
920 1184 1055 1269 quoties
1070 1185 1209 1251 domum
1225 1184 1449 1271 regredietur,
1462 1197 1556 1251 narret

354 1298 428 1363 loca
444 1298 558 1363 omnia
574 1320 662 1385 quae
679 1299 787 1367 adiuit
805 1300 1028 1367 subministro
1042 1313 1068 1382 ²,
1091 1315 1127 1367 et
1147 1322 1226 1365 cum
1247 1300 1372 1385 quibus
1395 1320 1556 1366 conuersa-

354 1424 410 1479 tus
426 1425 478 1482 est
494 1425 529 1480 et
544 1436 613 1499 qua
628 1416 671 1482 de
687 1438 735 1483 re.

421 1529 557 1597 Seruiat
574 1534 617 1599 D.
638 1532 788 1599 Polanco
804 1532 965 1599 omnibus
980 1532 1015 1598 in
1032 1535 1147 1613 rebus,
1166 1533 1292 1618 quibus
1313 1532 1454 1599 voluerit
1473 1549 1557 1615 opera

350 1642 426 1711 eius
441 1644 490 1711 vti
507 1643 532 1712 b.

350 1796 352 1803 ·
416 1762 546 1847 Surgat
562 1762 605 1828 ad
621 1761 764 1848 primam
781 1784 901 1830 vocem
918 1764 1110 1844 excitantis,
1128 1774 1164 1832 et
1179 1763 1322 1849 primam
1343 1749 1474 1828 missam
1493 1781 1556 1846 per-

347 1887 454 1961 petuo
469 1877 619 1945 celebret
634 1878 745 1946 donec
759 1878 949 1965 penitentia
965 1879 1129 1947 liberatus
1148 1878 1204 1945 sit.

416 1991 579 2075 Quotidie
594 1992 653 2059 det
668 2016 770 2061 vnam
786 1996 905 2060 horam
926 1993 1083 2074 orationi,
1101 1994 1201 2060 cuius
1216 1994 1261 2061 sit
1276 1994 1354 2060 finis
1368 2006 1402 2061 et
1418 1993 1555 2081 primaria

352 2106 483 2191 petitio,
501 2118 539 2172 vt
555 2107 618 2175 sibi
635 2109 848 2195 gratificetur
863 2108 1033 2176 Dominus
1053 2108 1279 2176 humilitatem
1300 2132 1413 2176 veram
1435 2122 1468 2177 et
1488 2110 1555 2174 obe

346 2221 522 2304 dientiam‚
540 2234 643 2311 atque
659 2214 696 2290 vt
711 2224 865 2311 spiritum
883 2225 1066 2294 Societatis
1081 2225 1200 2293 intime
1216 2226 1352 2294 sentiat.
1372 2228 1462 2293 Idem
1478 2238 1556 2310 petat

347 2337 383 2403 in
401 2339 560 2405 omnibus
576 2340 763 2421 sacrificiis,
781 2340 811 2408 si
827 2344 987 2409 sacerdos
1002 2341 1117 2409 fuerit.

414 2456 512 2523 Haec
527 2457 570 2523 de
585 2455 795 2541 poenitentia
810 2456 898 2523 inter
914 2461 1047 2525 fratres.
1067 2460 1155 2525 Nam
1171 2458 1407 2539 restitutionis,
1426 2479 1509 2544 quae
1520 2456 1554 2521 ad

348 2583 508 2639 externos
532 2574 666 2657 agenda
685 2584 750 2655 est,
773 2573 874 2639 vnica
897 2584 951 2640 est
974 2574 1073 2655 ratic,
1099 2585 1202 2661 atque
1224 2597 1266 2641 ea
1288 2574 1489 2654 necessaria,
1515 2582 1553 2651 vt,

348 2710 436 2772 quae
451 2687 548 2769 dixit,
566 2688 681 2756 omnia
696 2699 848 2755 recantet
864 2689 957 2757 dicto
972 2691 1027 2757 vel
1041 2691 1182 2777 scripto,
1201 2701 1288 2760 teste
1309 2713 1377 2757 vno
1397 2714 1438 2759 ex
1459 2708 1555 2754 sacer·

346 2802 496 2871 dotibus,
1515 2807 1522 2815 '

414 2922 511 2987 Haec
526 2942 610 2989 vero
627 2920 742 2987 omnia
758 2920 805 2987 ita
820 2942 888 3007 ego
907 2922 1028 2990 censui
1048 2943 1110 3007 pro
1134 2943 1211 2989 mea
1232 2920 1429 3008 ignorantia
1452 2932 1485 2988 et
1502 2918 1555 2983 im·

346 3035 569 3121 perfectione,
587 3048 625 3102 vt
641 3048 755 3104 tamen
771 3058 812 3103 ea
827 3035 1094 3122 prudentissimo
1118 3058 1158 3101 ac
1178 3034 1426 3123 perfectissimo
1446 3032 1555 3099 iudicio

345 3150 488 3216 subdam
507 3150 584 3219 Rdi.
604 3150 715 3218 Patris
730 3151 797 3219 mei
813 3152 858 3218 D.
881 3150 1007 3237 Ignatii
1026 3151 1199 3238 augenda,
1223 3150 1421 3231 minuenda,
1446 3149 1555 3214 immu-

346 3266 460 3346 tanda,
479 3266 650 3333 eradenda
666 3287 728 3352 pro
744 3288 807 3333 suo
822 3265 1066 3353 purgatissimo
1081 3265 1261 3333 arbitratu.

926 3441 980 3521 46

571 3572 872 3640 SENTENTIA
906 3574 1096 3642 PATRIS
1128 3572 1354 3641 CODACII

728 3710 776 3755 ns
792 3708 995 3756 rnancrsco
1012 3709 1153 3757 znPn'rA
1177 3691 1185 3721 ¹

413 3850 499 3934 Ego,
520 3850 644 3915 Petrus
664 3846 851 3928 CodaciuS‚
875 3869 980 3935 super
995 3847 1239 3936 propositione,
1261 3870 1308 3913 an
1334 3848 1443 3914 Rdus.
1462 3848 1500 3911 P.
1520 3846 1558 3911 D.

344 3966 372 4030 F
374 3963 550 4031 ranciscus
566 3966 696 4049 Zapata
712 3962 756 4029 sit
784 3963 1017 4030 admittendus
1040 3962 1076 4029 in
1098 3963 1335 4031 coadiutorem
1358 3974 1373 4003 ²
1396 3958 1559 4031 Sotietatis

336 4081 434 4167 Jesu,
448 4080 548 4165 juxta
564 4048 892 4165 propositionem'in
917 4078 1191 4166 congregatione
1214 4076 1305 4147 dicte
1328 4075 1558 4147 Sotietatisfa·

394 4321 408 4348 α
444 4305 510 4359 Hoc
527 4302 652 4361 verbum
669 4303 792 4359 addidit
814 4304 979 4361 Polancus.
1016 4307 1067 4347 *b
1087 4304 1219 4375 Sequens
1233 4304 1381 4376 periodus
1397 4320 1492 4358 manu
1511 4300 1559 4355 Po·

344 4394 426 4449 lanei
438 4392 547 4449 addito
564 4399 616 4449 est.
654 4409 704 4437 ..a
723 4394 868 4448 Primum
881 4393 1029 4465 scriptum
1045 4397 1088 4449 est
1105 4391 1338 4466 quoadiutorem,
1352 4397 1381 4447 at
1389 4396 1494 4465 postea
1501 4394 1559 4461 pn·

339 4488 451 4555 param
463 4484 657 4539 emendatum
670 4487 713 4538 est
726 4480 966 4539 coioadiutorem.

395 4683 405 4714 ¹
442 4682 486 4736 Ex
499 4682 692 4754 autographo,
706 4681 736 4737 in
749 4680 851 4737 codice
864 4678 1009 4736 Instant.
1024 4680 1049 4746 I,
1064 4699 1093 4736 n.
1108 4678 1172 4751 237,
1186 4679 1339 4737 schedula.
