3500 5367
384 467 566 523 Drcrnurun
586 464 617 519 S.
637 465 761 519 lexeru
778 478 799 518 Α
820 464 853 519 Ρ.
874 465 1030 524 Lancrcro
1048 482 1215 525 coercent
1327 485 1381 542 497

254 618 425 703 Quamuis
455 617 701 705 magnifaceret
738 601 972 703 experimenta
1002 621 1288 709 peregrinationis
1319 647 1416 693 men-

177 746 311 814 struae,
330 740 457 815 tamen,
475 735 504 801 si
520 732 709 821 periculum
730 746 911 820 appareret
933 736 1121 804 laedendae
1145 739 1351 806 ualetudinis
1370 743 1416 807 ob

176 850 417 937 intemperiem
432 852 523 919 veris
539 849 680 939 [aeris?],
700 851 792 916 dorni
809 850 979 919 retinebat
996 852 1158 934 nouitios,
1176 869 1212 922 et
1227 857 1306 922 loco
1318 880 1418 943 pere·

176 966 386 1051 grinationis
406 968 450 1033 ad
465 965 653 1033 uisitandas
674 984 694 1048 7
716 965 820 1033 Vrbis
844 968 1019 1051 ecclesiae,
1038 981 1085 1049 et,
1104 980 1143 1036 ut
1164 970 1210 1036 ibi
1227 974 1415 1057 appellant,

177 1084 301 1152 Scalas
317 1093 452 1149 sanctas
468 1082 552 1173 eo[s]
568 1080 736 1149 mittebat.

248 1200 342 1265 Dum
358 1200 520 1285 paruulos
535 1197 570 1263 in
588 1196 795 1267 Societatem
811 1199 991 1285 reciperet,
1009 1202 1150 1267 uetabat
1165 1224 1208 1269 ne
1229 1202 1276 1269 ita
1294 1204 1325 1269 in
1348 1218 1417 1271 12³⁸

177 1312 385 1399 probatione
406 1314 666 1383 includerentur
692 1326 797 1393 arcte,
816 1314 867 1379 uti
888 1314 944 1383 alii
965 1316 1241 1411 includebaruun
1271 1321 1417 1405 ideoque

177 1430 402 1515 permittebat
418 1452 489 1510 eos,
503 1429 555 1497 uti
571 1442 606 1497 et
622 1431 779 1496 alumnos
795 1430 932 1516 collegii
943 1432 1132 1517 germanici
1148 1435 1192 1499 ad
1208 1435 1416 1504 Societatem

176 1556 351 1632 receptos,
366 1547 585 1614 deambulare
601 1545 635 1611 in
654 1548 752 1611 horto
765 1556 799 1613 et
815 1544 850 1611 in
863 1546 1069 1613 ambulacris
1081 1549 1216 1629 domus,
1231 1550 1416 1617 dummodo

178 1674 299 1730 tamen
319 1662 451 1729 nullum
473 1682 612 1747 prorsus
632 1658 912 1749 alloquerelnltur
933 1684 953 1729 e
973 1664 1099 1729 nostris
1118 1661 1193 1731 sine
1214 1663 1351 1749 speciali
1375 1667 1417 1732 li-

176 1778 309 1847 eentia.
1382 1769 1392 1793 ⁸

247 1896 400 1981 Quando
420 1895 464 1960 ab
484 1892 599 1980 aliquo
621 1918 641 1961 e
663 1891 790 1959 nostris
811 1894 934 1960 fratres
960 1893 1059 1981 parui
1085 1894 1355 1981 disponebantur
1374 1899 1418 1964 ad

177 2011 377 2099 ingressum
397 2009 432 2075 in
453 2008 673 2089 Societatem,
698 2012 761 2075 hos
782 2010 1010 2078 aduentantes
1030 2032 1156 2096 magna
1177 2012 1418 2081 beneuolentia

178 2138 325 2194 sanctus
341 2127 445 2192 Pater
464 2124 557 2191 domi
575 2123 779 2210 excipiebat,
797 2124 969 2192 ientacula
984 2126 1099 2191 dabat:
1119 2138 1154 2195 et
1175 2148 1253 2192 cum
1279 2128 1416 2212 quidam

179 2242 369 2312 Petronius
389 2244 409 2275 ¹¹
432 2240 655 2307 canistrulum
673 2241 808 2307 ficubus
824 2242 964 2326 plenum
981 2262 1043 2327 per
1062 2262 1144 2308 suos
1161 2243 1283 2309 fratres
1299 2259 1418 2310 sancto

179 2358 279 2425 Patri
299 2359 427 2423 donum
450 2356 609 2435 misisset,
627 2366 768 2421 sanctus
784 2356 899 2436 Pater,
917 2357 1085 2423 aduocato
1106 2358 1229 2424 domus
1250 2358 1417 2439 ministra,

178 2475 248 2541 illis
264 2472 496 2552 audientibus
511 2494 569 2539 eas
585 2472 753 2537 asseruari
766 2470 865 2537 iussit
881 2493 943 2558 pro
953 2470 1088 2537 illorum
1105 2493 1166 2538 esu
1182 2474 1416 2560 applicandas,

178 2602 366 2677 postquam
385 2588 529 2675 ingressi
545 2600 661 2655 essent
677 2586 712 2651 in
729 2586 948 2655 Societatem.
964 2589 1067 2679 Quod
1083 2588 1219 2668 deinde,
1239 2601 1419 2676 postquam

180 2708 231 2773 illi
247 2706 285 2772 in
302 2704 510 2773 Societatem
527 2703 673 2788 ingressi
689 2714 783 2782 sunt,
802 2702 961 2788 religiose
976 2714 1150 2769 seruatum
1167 2716 1234 2770 est,

251 2822 357 2908 Quod
377 2820 406 2885 si
426 2820 530 2904 aliqui
558 2840 626 2885 non
649 2829 788 2904 possent
816 2820 905 2886 ferre
927 2830 1008 2885 13⁰¹*e
1029 2819 1240 2904 probationis
1261 2822 1418 2887 solitudi-

179 2962 277 3021 nem,
295 2938 436 3005 iubebat
451 2958 511 3002 eos
532 2936 634 3001 modo
657 2936 700 3000 ab
717 2936 796 3013 hoc,
816 2933 917 2999 modo
932 2935 976 2999 ab
996 2932 1054 2999 illo
1073 2932 1218 3015 uisitari,
1237 2958 1280 3001 ne
1302 2938 1417 3002 affice-

181 3066 305 3121 rentur
322 3052 450 3121 taedio.
1097 3037 1099 3041 Α

251 3172 370 3255 Aegre
386 3168 516 3237 ferebat
531 3165 561 3231 si
578 3164 770 3233 necessaria
791 3164 900 3230 uictui
920 3176 1115 3230 nostrorum
1131 3188 1201 3231 non
1219 3165 1418 3251 suppedita-

178 3296 313 3354 rentur.
333 3286 412 3369 Qua
434 3282 468 3348 in
490 3305 525 3349 re
549 3304 594 3348 ne
616 3291 856 3367 procuratores
875 3290 1042 3359 errarent,
1066 3300 1085 3363 3
1107 3280 1216 3349 ueluti
1239 3280 1274 3347 in
1292 3284 1419 3349 classes

177 3400 357 3469 diuidebat
373 3419 548 3465 romanam
564 3397 677 3463 victus
693 3395 871 3463 rationem:
891 3407 960 3461 ΗΝ
975 3395 1197 3462 cardinalium
1215 3409 1250 3464 et
1266 3397 1417 3465 uirorum

179 3516 388 3605 principum3
412 3512 500 3581 afim
521 3512 671 3579 virorum
692 3510 857 3578 nobilium
881 3532 949 3576 non
977 3532 1157 3596 supremae
1180 3512 1415 3594 authoritatis;

180 3645 255 3718 ψ
272 3630 432 3717 opificum
450 3640 484 3697 et
501 3627 631 3695 uilioris
651 3626 859 3693 conditionis
881 3648 1114 3711 personarum.
1133 3628 1184 3693 Ex
1200 3628 1255 3694 his
1271 3629 1418 3696 mediam

177 3749 215 3815 in
238 3747 412 3817 Societate
439 3744 568 3813 seruari
593 3744 743 3810 uolebat.
763 3743 832 3810 Sed
855 3753 1006 3829 praestat
1029 3742 1149 3810 audire
1172 3764 1279 3809 unum
1301 3766 1418 3813 exem-

179 3860 291 3952 plu'm:
310 3864 392 3929 Erat
407 3861 443 3927 in
461 3864 614 3927 Romana
630 3861 735 3925 domo
752 3878 875 3944 parcus
888 3870 1091 3944 procurator
1110 3860 1147 3940 ¹¹,
1162 3881 1264 3943 quem
1281 3871 1319 3925 ut
1334 3882 1420 3926 con-

181 3981 344 4047 funderet
364 4000 404 4045 ac
424 3977 621 4044 emendaret
648 3986 791 4041 sanctus
819 3975 934 4053 Pater,
957 3983 992 4039 et
1015 3974 1057 4039 ad
1082 3973 1219 4042 debitae
1242 3975 1421 4042 charitat‘u

179 4118 267 4182 erga
287 4093 496 4161 domesticos
516 4094 679 4159 affectum
701 4091 923 4170 conduceret,
942 4108 1022 4153 cum
1045 4088 1271 4156 intellexisset
1288 4091 1419 4158 eumin

179 4211 360 4279 cuiusdam
389 4208 570 4275 cardinalis
591 4206 734 4292 prandio
761 4204 956 4291 lampredas
982 4204 1189 4286 comedisse,
1212 4206 1420 4273 aduocatum

179 4329 226 4395 ad
247 4326 354 4395 scita
376 4325 547 4390 allocutus
570 4334 635 4389 est:
655 4324 750 4387 ltane
772 4332 809 4384 tu
832 4319 984 4385 comedis
1008 4320 1211 4406 lampredae,
1235 4323 1328 4405 quud
1348 4344 1420 4387 non

177 4434 349 4529 improb0,
368 4453 403 4508 et
421 4438 581 4505 fratribus
597 4458 640 4503 ne
653 4437 791 4523 quidem
808 4437 918 4501 bonas
934 4433 1020 4502 emis
1035 4436 1214 4503 sardellas?
1226 4441 1352 4524 (genus
1369 4449 1420 4504 est

237 4604 257 4635 ¹¹
297 4600 487 4665 Memoriale,
501 4616 569 4671 pag.
587 4612 649 4669 192,
663 4616 693 4654 n.
707 4610 752 4667 753
768 4613 835 4671 pag.
851 4610 916 4666 279,
929 4612 959 4650 n.
975 4594 1041 4664 258.

236 4690 259 4726 ¹²
296 4690 385 4746 Pater
398 4689 522 4745 Pontius
532 4686 735 4759 Cogordanus.
750 4684 941 4749 Memoriale,
954 4701 1023 4757 pag.
1037 4699 1101 4758 249,
1115 4702 1145 4742 n.
1163 4685 1223 4757 193.

319 4784 709 4837 uoxun.10mr.-snnstv,
725 4794 784 4829 rou.
800 4782 821 4828 1.
1255 4786 1284 4829 82
