3500 5367
464 586 511 639 Da
531 596 624 639 acris
641 584 820 642 &domm
839 586 1103 643 astronomum
1312 584 1363 656 341

153 752 229 821 que
253 737 300 803 ad
321 738 466 805 alterurn
491 735 581 803 diem
605 737 740 805 sabbati
762 739 938 824 sequentis
962 741 1212 821 hebdomadae,
1238 739 1398 825 quodie,

158 853 244 920 hora
260 853 488 942 completorii,
507 852 603 937 quasi
620 874 641 919 e
656 872 778 919 somno
792 853 974 934 excitatus,
994 855 1115 924 oculos
1130 855 1264 941 aperuit
1284 855 1401 921 multis

158 968 415 1053 praesentibus,
435 968 493 1053 qui
509 990 588 1035 eum
605 969 849 1049 obseruabant,
868 977 905 1036 et
924 972 1012 1039 haec
1033 982 1167 1041 tantum
1192 972 1297 1045 uerba
1319 992 1398 1069 prof
1473 1040 1479 1057 ‚
1591 1017 1594 1024 -

158 1083 250 1149 tulit:
270 1086 329 1169 Ay
341 1084 454 1173 Jest'ts!
474 1084 580 1169 quo
596 1084 714 1151 audiui
730 1086 859 1153 Romae
880 1108 922 1153 ex
945 1078 1089 1157 isabella
1113 1087 1217 1155 Rosci
1240 1108 1332 1153 anno
1354 1106 1398 1171 43

157 1201 213 1266 uel
229 1218 290 1283 44.
310 1202 385 1286 Ipsa
401 1211 530 1279 autem,
549 1220 618 1285 quo
634 1210 788 1287 tempore
804 1200 839 1266 id
850 1201 989 1284 accidit,
1006 1202 1245 1271 Barchinonae
1257 1202 1394 1288 agebat,

150 1323 190 1379 et
207 1327 284 1381 erat
302 1314 414 1383 Patris
434 1314 578 1383 mirifice
599 1314 755 1383 studiosa
775 1326 914 1403 propter
936 1318 1061 1385 samam
1082 1317 1157 1385 eius
1177 1328 1212 1384 et
1232 1317 1394 1383 sanctita·

156 1439 239 1513 tem;
259 1440 298 1497 et
314 1433 380 1498 hoc
396 1432 487 1499 idern
504 1453 524 1497 a
541 1432 689 1517 quodam
711 1435 903 1519 acceperat,
927 1432 986 1520 qui
1008 1430 1051 1503 iis
1071 1432 1175 1501 rebus
1195 1430 1396 1499 interfuerat

157 1546 352 1615 Manresae.
373 1549 384 1580 ³
404 1550 445 1616 R.
464 1568 507 1613 ex
524 1550 587 1614 Ro.

228 1680 283 1727 11.
333 1664 437 1748 Quod
455 1685 516 1749 per
533 1682 575 1747 30
592 1684 700 1729 annos
716 1664 848 1730 nullum
865 1686 1018 1749 unquam
1037 1665 1174 1736 uocauit
1190 1665 1247 1737 uei
1262 1666 1395 1741 fatuum

155 1778 212 1841 uel
228 1777 420 1863 stupidum,
440 1779 496 1845 uel
514 1777 628 1863 aliquo
645 1779 754 1845 uerbo
777 1780 1029 1847 contumelioso
1052 1782 1226 1850 affecerat.
1252 1781 1329 1864 Ego
1352 1800 1395 1847 ex

156 1887 229 1975 ipso
246 1914 339 1959 anno
356 1910 409 1978 53.

226 2026 281 2077 12.
330 2008 434 2093 Quod
455 2026 493 2075 12
518 2007 617 2075 annis
639 2007 792 2095 proxime
815 2009 942 2097 elapsis
963 2011 1092 2079 nullam
1115 2011 1256 2079 omnino
1283 2031 1393 2078 uanae

153 2122 287 2206 gloriae
304 2124 529 2193 tentationem
545 2137 710 2191 senserat.
731 2126 807 2211 Ego
822 2148 865 2193 ex
881 2125 956 2212 ipso
972 2147 1062 2193 anno
1078 2142 1137 2211 45.

224 2257 277 2323 13.
327 2240 486 2324 Quodam
503 2240 558 2305 die
574 2262 653 2307 cum
669 2240 804 2308 cuidam
820 2242 927 2327 equiti
939 2241 1192 2331 sanctiJacobi,
1207 2241 1298 2329 apud
1314 2263 1370 2308 ma

150 2352 292 2421 damam
321 2355 541 2441 Margaritam
569 2356 671 2422 tiliam
694 2355 910 2444 imperatoris
937 2357 1091 2445 degenti,
1114 2356 1325 2444 promisisset
1354 2378 1391 2423 se

153 2490 215 2552 pro
238 2471 387 2555 quodam
417 2470 491 2538 eius
512 2470 653 2557 negotio
669 2474 777 2540 uerba
792 2474 978 2554 iacturum,
997 2484 1116 2560 postea
1136 2494 1175 2541 se
1194 2471 1391 2559 promisisse

156 2585 335 2668 poenituit;
353 2597 389 2652 et
403 2586 446 2652 de
462 2589 527 2653 hac
544 2608 581 2654 re
596 2608 705 2675 agens
721 2587 856 2656 adiecit:
875 2588 1036 2657 undecim
1055 2599 1115 2655 aut
1137 2607 1174 2655 12
1190 2599 1272 2655 sunt
1293 2588 1389 2667 anni,

150 2718 281 2786 err-quo
298 2722 367 2767 non
383 2700 522 2769 memini
538 2723 594 2767 me
609 2702 736 2773 dixisse
751 2715 811 2770 aut
823 2703 1022 2792 promisisse
1033 2705 1139 2785 aliud,
1153 2703 1253 2771 cuius
1270 2713 1388 2789 postea

152 2832 207 2881 me
222 2816 427 2903 poeniteret.
449 2818 524 2903 Ego
541 2840 583 2887 ex
601 2818 658 2885 illo
674 2840 766 2886 anno
781 2836 836 2903 45.

222 2951 276 3015 14.
324 2936 470 3002 Duobus
498 2935 616 3023 primis
643 2936 879 3005 conuersionis
899 2959 984 3005 suae
1006 2935 1118 3017 annis,
1144 2933 1202 3001 ubi
1226 2932 1386 3013 audiebat

156 3065 263 3115 uuum
277 3049 424 3134 aliquem
440 3051 611 3139 insignem
625 3066 660 3119 et
672 3052 921 3121 sanctimoniae
931 3052 1023 3120 fama
1034 3061 1277 3139 praestantem,
1290 3048 1386 3117 illurn

148 3142 279 3246 adibat,
298 3164 411 3251 magis
429 3176 467 3231 ut
483 3166 616 3234 uideret
633 3190 676 3233 an
694 3166 768 3235 eius
788 3167 929 3279 spiritus
949 3190 1028 3235 cum
1048 3166 1170 3253 spiritu
1191 3164 1283 3241 illius
1302 3186 1386 3233 con-

155 3276 296 3357 ueniret,
316 3302 417 3365 quam
435 3281 528 3367 quod
543 3292 680 3367 putaret
696 3305 734 3351 se
750 3284 897 3350 multum
914 3306 957 3351 ex
980 3281 1174 3349 uisitatione
1197 3281 1255 3347 illa
1275 3282 1385 3367 profe·

146 3403 296 3474 eturum3
314 3405 393 3480 post
408 3396 495 3461 duos
511 3406 626 3464 autem
643 3419 753 3477 annos
769 3398 942 3466 neminem
955 3418 1106 3483 unquam
1119 3395 1237 3462 inuisit
1251 3398 1316 3463 hac
1333 3416 1385 3461 ra·

149 3502 249 3575 tione.
271 3508 418 3579 Dicebat
435 3522 549 3578 autem
567 3512 651 3578 mihi
669 3515 786 3593 Pater,
805 3536 842 3581 se
858 3513 917 3581 illo
932 3512 1073 3581 biennio
1090 3511 1149 3579 uix
1162 3534 1269 3579 unum
1281 3522 1385 3596 atque

146 3620 287 3689 alterurn
305 3625 487 3712 reperisse,
507 3626 606 3695 cuius
622 3628 762 3715 spiritus
777 3640 813 3695 et
829 3628 921 3696 uitae
939 3630 1049 3696 forma
1065 3626 1131 3695 sibi
1143 3627 1284 3695 omnino
1297 3648 1384 3712 qua-

147 3735 269 3807 draret.
290 3742 365 3827 Ego
381 3764 423 3808 ex
439 3740 516 3828 ipso
534 3758 589 3827 53,
609 3762 650 3827 23
669 3744 763 3813 Maii.

216 3872 266 3940 15.
316 3856 473 3941 Quadam
495 3857 551 3925 die
572 3860 668 3927 uenit
688 3861 730 3927 ad
754 3862 793 3927 P.
822 3860 994 3947 ignatium
1017 3859 1114 3927 offitii
1139 3857 1253 3945 gratia
1277 3859 1382 3925 irater

146 3967 281 4049 quidem
300 3971 511 4059 Reginaldus
528 3974 658 4041 ordinis
677 3975 787 4045 sancti
809 3976 993 4057 Dominici,
1019 3974 1071 4041 uir
1094 3973 1211 4061 magni
1233 3972 1381 4041 nominis

153 4106 357 4123 *w

198 4188 212 4227 s
248 4174 336 4243 Quos
348 4180 526 4246 sequuntur,
541 4194 632 4249 usque
644 4179 686 4235 od
694 4181 932 4253 paragraphum
946 4190 995 4247 14,
1009 4178 1177 4234 cancellato
1189 4182 1271 4237 sunt.

198 4350 209 4383 ²
242 4352 417 4410 Franciscus
431 4356 540 4412 Viceus
560 4374 703 4429 «agens...
721 4357 758 4414 de
777 4338 962 4414 xenodochio
980 4356 1013 4413 S.
1034 4355 1154 4427 Lucios,
1174 4363 1379 4429 portentosum

149 4430 230 4493 t'stum
244 4449 360 4513 raptum
373 4453 424 4499 aut
437 4446 569 4501 exstasin
582 4445 769 4502 octiduansm
784 4444 895 4501 ibidem
908 4444 1083 4517 contigisse,
1096 4444 1231 4511 affirmat3
1246 4460 1281 4499 ac
1291 4442 1329 4498 de
1343 4458 1379 4497 ea

151 4518 268 4583 inveniri
281 4536 375 4585 testes
388 4531 500 4588 auritos
513 4542 543 4589 et
556 4535 688 4590 oculatos
701 4536 809 4590 multos
823 4534 853 4589 in
868 4532 1124 4589 informationibus
1134 4530 1268 4604 juridicis
1277 4530 1375 4587 Barci-

151 4616 323 4673 nonensibus
335 4620 405 4676 anui
420 4632 499 4690 1595.
514 4630 546 4676 et
560 4620 640 4677 1606.
655 4620 864 4681 Nosocomium
879 4623 1061 4695 semipsum
1079 4620 1221 4677 Societati
1239 4620 1269 4676 iu
1287 4621 1373 4675 colle·

145 4698 222 4765 gion
234 4706 335 4776 cessit,
349 4708 478 4780 aegrotis
492 4710 569 4767 intra
581 4710 721 4783 oppidum
734 4710 917 4767 commodius
930 4708 1044 4776 locatis,
1059 4709 1101 4765 sit
1113 4709 1261 4779 Brutulus,
1280 4708 1332 4764 lib.
1351 4708 1373 4781 1,

150 4802 220 4848 uum.
235 4806 298 4849 22.»
311 4796 388 4853 Acta
399 4798 592 4869 Sanctorum,
606 4800 709 4857 Gloria
719 4802 874 4873 posthuma
885 4800 917 4855 S.
929 4797 1087 4871 Ignatii...,
1097 4815 1163 4871 cap.
1176 4798 1237 4869 Usi
1251 4810 1275 4867 1,
1287 4814 1318 4853 u.
1328 4794 1374 4854 ³8.
