3500 5367
744 447 930 505 Perterrrro
1022 497 1024 501 ,
1397 469 1416 522 9
1534 450 1538 459 “

215 614 347 679 susque
362 594 506 681 hujusce
520 598 671 666 auctoris
683 600 997 671 animadversiones
1012 602 1049 669 in
1060 602 1185 670 librum
1193 605 1338 694 Joannis
1356 607 1448 675 Petri

216 708 345 794 Maffeji
361 712 404 777 de
419 712 540 781 eodem
553 726 770 801 argumenta,
789 738 879 801 quae
894 717 1022 805 scripta
1037 719 1127 787 infra
1142 720 1367 808 reperientur.

208 882 219 903 ,
285 843 316 890 a.
365 828 524 895 Alterum
544 830 654 897 Patris
669 832 843 899 Consalvii
860 854 948 920 opus
966 844 1021 903 est
1035 836 1206 902 Diaeim
1220 837 1296 905 sive
1319 836 1449 905 Memo-

215 941 316 1021 riam,
327 944 423 1027 quod
436 943 646 1013 inscribitur:
661 947 972 1036 Algumas‘couoop
983 971 1048 1037 qua
1058 972 1079 1017 o
1089 953 1136 1017 P.
1151 954 1241 1019 Luis
1255 954 1333 1019 Gla.
1348 960 1450 1020 notou

214 1075 264 1121 na
278 1058 360 1123 vida
375 1058 417 1124 da
432 1081 533 1127 nosco
544 1062 591 1130 P.
610 1063 765 1149 Ignacio.

281 1174 465 1260 Scriptoris
480 1198 607 1263 scopus
622 1178 656 1243 in
673 1200 776 1263 opere
799 1181 1025 1262 conficiendo,
1044 1193 1181 1269 tempus
1203 1204 1244 1250 ac
1261 1184 1348 1252 ratio
1363 1186 1450 1251 scri·

213 1287 344 1373 ptionis
356 1292 400 1357 ab
412 1291 532 1359 eodem
542 1294 727 1362 Consalvio
740 1296 956 1364 declarantur
967 1297 1004 1363 in
1016 1298 1365 1384 praefationeDiario
1376 1300 1451 1369 sive

214 1404 416 1473 Memoriali
431 1409 582 1493 praefixa
599 1409 624 1491 ⁴3
643 1412 736 1495 quod
751 1412 891 1497 quidem
903 1415 1082 1495 Diarium,
1096 1413 1126 1481 si
1137 1413 1302 1484 historice
1312 1427 1448 1503 specte·

214 1536 283 1605 tur,
303 1536 474 1610 quatenus
495 1546 617 1611 nempe
633 1526 676 1591 ad
692 1530 913 1613 agnoscenda
929 1528 1054 1615 Ignatii
1075 1530 1165 1599 faeta
1185 1532 1365 1611 reseratur,
1383 1532 1449 1597 mi-

215 1662 293 1706 rum
310 1651 363 1709 est
375 1652 541 1726 quantum
560 1642 670 1709 valeat
686 1654 887 1728 quantoque
902 1643 937 1711 in
953 1644 1063 1731 pretio
1074 1647 1272 1714 habendum
1289 1646 1345 1713 sit.

283 1755 391 1823 Novit
404 1756 438 1821 id
451 1756 597 1825 maxime
606 1759 646 1823 P.
657 1756 896 1839 Ribadeneira‚
905 1759 964 1844 qui
977 1758 1036 1827 illo
1047 1760 1091 1826 ad
1102 1762 1337 1827 adornandam
1348 1762 1457 1848 Igna·

214 1871 252 1938 tii
268 1871 445 1942 historiam
466 1894 549 1941 usus
565 1885 629 1955 est3
647 1886 820 1943 noverunt
836 1876 1007 1961 Maffejus,
1027 1876 1187 1943 Bartolus
1202 1876 1328 1962 aliique
1344 1880 1448 1947 histo·

214 1988 289 2069 rici,
308 2002 354 2069 et,
374 2002 412 2055 ut
428 2001 560 2059 ascetas
576 1990 724 2077 reliquos
736 2004 1003 2077 praetereamus,
1018 1992 1115 2058 novit
1128 1994 1168 2059 P.
1184 1994 1332 2062 Carolus
1344 1996 1448 2063 Line-

215 2107 282 2172 kus
298 2105 334 2171 in
350 2126 413 2171 suo
429 2128 544 2193 opere:
562 2108 687 2195 Imago
701 2107 973 2173 absolutissimae
984 2109 1126 2175 virtutis
1140 2130 1309 2196 veraeque
1318 2116 1431 2177 sancti
1434 2152 1448 2161 -

213 2223 352 2287 maniae
363 2223 475 2289 vorbis
486 2228 517 2289 at
528 2224 691 2309 exemplis
703 2224 739 2289 S.
755 2224 801 2291 P.
817 2225 953 2310 Ignatii
963 2233 1138 2310 expresso,
1150 2225 1284 2312 lucique
1289 2228 1448 2312 publicae

213 2343 317 2423 atque
328 2338 513 2403 imitationi
519 2341 706 2425 proposita,
720 2358 820 2423 quem
835 2349 1011 2440 auctorem
1023 2361 1128 2426 saepe
1139 2341 1175 2408 in
1188 2343 1447 2409 Commentario

214 2453 356 2538 praevio
371 2456 413 2521 ad
441 2452 545 2521 litam
563 2456 600 2524 S.
620 2454 744 2541 Ignatii
759 2457 845 2521 Acta
857 2456 1063 2523 Sanctorum
1079 2458 1220 2525 laudant
1238 2460 1262 2539 ⁵,
1277 2460 1321 2523 ab
1336 2479 1448 2544 eoque

214 2570 407 2657 fragmenta
422 2570 535 2655 aliqua
552 2581 764 2639 mutuantur.
781 2574 859 2639 Non
875 2572 1101 2671 paucaqetiam
1113 2573 1149 2639 in
1161 2572 1267 2640 vitam
1280 2575 1446 2642 Ludovici

213 2686 390 2753 Consalvii
407 2686 550 2752 inseruit
567 2688 609 2755 P.
628 2686 802 2753 Antonius
818 2689 973 2755 Francus
989 2693 1014 2754 ⁰.

282 2801 352 2869 Illis
367 2824 448 2869 vero
465 2802 680 2887 potissimum
703 2802 867 2871 inserviet
888 2804 1101 2885 Memoriam,
1122 2805 1194 2890 qui,
1218 2804 1254 2871 in
1274 2804 1449 2892 ignatiana

213 2920 384 3003 palaestra
400 2917 489 2984 intra
504 2917 714 2986 domesticos
729 2918 877 3005 parietes
897 2919 1003 2986 vitam
1019 2922 1199 2998 ducentes,
1218 2920 1366 2989 scrutari
1386 2942 1449 2987 vo·

213 3033 287 3101 lent
303 3032 387 3118 quid
403 3032 437 3099 in
453 3034 714 3101 occurrentibus
731 3033 885 3119 quotidie
900 3035 1005 3101 rebus
1025 3036 1181 3123 Ignatius
1205 3036 1349 3105 sentiret
1364 3042 1449 3124 ‘age-

214 3159 349 3234 retque,
367 3150 477 3234 qualis
493 3162 585 3217 esset
601 3150 710 3235 ipsius
725 3170 804 3217 cum
822 3150 924 3217 sociis
940 3162 974 3218 et
995 3151 1304 3221 contubernalibus
1323 3152 1449 3239 agendi

214 3264 313 3342 rati0,
333 3278 425 3334 etex
444 3286 572 3351 ungue,
591 3276 630 3332 ut
650 3267 759 3351 ajunt,
783 3266 918 3335 leonem
942 3287 1132 3355 agnoscere
1152 3268 1380 3337 delectantur.
1400 3266 1448 3335 Hi

214 3380 365 3464 quidem,
382 3392 517 3466 praeter
532 3404 585 3461 ea,
598 3377 693 3467 ¹quae
709 3381 837 3448 laudati
853 3383 1036 3467 scriptores
1051 3406 1093 3449 ex
1110 3384 1330 3451 consalviana
1341 3387 1449 3470 ephe-

214 3496 343 3563 meride
360 3510 624 3583 usurpaverunt,
642 3497 787 3583 plurima
804 3497 994 3581 invenient,
1012 3498 1154 3583 quaein
1173 3498 1334 3565 historias
1353 3520 1448 3565 com-

214 3612 314 3677 mode
331 3612 456 3697 conjici
472 3634 541 3679 non
557 3624 712 3698 potuere,
731 3625 766 3681 et
782 3613 959 3681 invenient
974 3636 1044 3680 non
1065 3616 1182 3681 fucato
1197 3627 1257 3682 aut
1277 3614 1449 3681 rhetorico

214 3725 304 3807 stilo,
322 3728 384 3796 sed
407 3727 655 3813 simplicissime
679 3750 719 3795 ac
742 3730 834 3796 nude
859 3729 1009 3809 omnino,
1029 3740 1148 3815 utpote
1168 3741 1282 3810 notas,
1305 3751 1393 3814 quae
1414 3730 1449 3794 in

214 3843 419 3923 adversaria,
437 3843 634 3912 memoriam
647 3844 791 3929 juvandi
808 3844 931 3932 gratia,
954 3844 1029 3914 sine
1049 3845 1181 3925 ordine,
1203 3844 1278 3931 ipso
1298 3846 1449 3931 plerum·

215 3980 294 4042 que,
313 3980 382 4044 quo
398 3959 600 4029 accidebant
615 3959 683 4039 die,
703 3960 952 4041 referebantur,
971 3972 1009 4026 ut
1030 3973 1151 4047 postea
1170 3962 1311 4027 uberius
1330 3962 1448 4046 expla-

217 4086 390 4142 narentur.

266 4230 278 4261 ⁴
315 4227 470 4282 Adductus
483 4226 572 4283 etiam
585 4228 650 4283 sine
663 4228 754 4283 dubio
767 4226 823 4284 fuit
836 4226 874 4282 ad
892 4228 1081 4284 scribendum
1100 4229 1237 4284 mandato
1257 4227 1381 4300 Joannis
1394 4228 1446 4296 ΙΙΙ,

215 4315 273 4387 qui,
287 4324 321 4371 ut
331 4315 528 4373 Ribadeneira
542 4327 651 4389 narrat,
670 4317 771 4374 Vita...
787 4318 838 4373 lib.
850 4318 904 4386 IV,
914 4335 979 4391 cap.
993 4330 1037 4387 17,
1048 4318 1209 4374 Consalvio
1218 4318 1249 4373 in
1259 4319 1373 4375 Urbem
1383 4334 1449 4390 pro-

217 4402 357 4461 ficiscenti
369 4405 498 4478 injunxit
511 4414 561 4461 avt
574 4406 673 4463 omnia
685 4407 793 4479 Ignatii
806 4407 896 4479 dicta,
910 4406 1048 4496 iactaque
1066 4408 1183 4463 curiose
1200 4409 1353 4477 obseruet,
1368 4406 1449 4462 etad

218 4510 248 4547 se
260 4492 418 4566 diligenter
435 4496 626 4568 perscribat».
1164 4495 1170 4507 ‘

268 4586 279 4619 ³
380 4584 452 4640 .i.
567 4628 573 4640 .

267 4676 277 4708 ⁸
315 4584 640 4747 hitinghi'ahhhtude
652 4694 698 4731 em
712 4694 729 4730 ο
743 4676 936 4731 rtoviciado...
951 4678 988 4731 de
1003 4675 1156 4741 Coimbra‚
1170 4684 1192 4730 t.
1212 4677 1236 4743 1,
1256 4692 1339 4747 pags.
1354 4689 1385 4730 21
1402 4676 1448 4742 58.
