3500 5367
803 476 989 532 persiano
1442 474 1476 531 13

277 634 350 720 qui,
368 643 505 720 propter
521 630 746 701 arctissimam
762 627 1041 717 conjunctionem
1053 640 1088 698 et
1104 651 1271 699 summam
1283 650 1362 697 cum
1379 633 1515 719 Ignatio

275 749 489 841 societatem,
505 747 544 813 in
559 745 772 834 perferendis
787 744 850 833 pro
866 745 1006 813 Christo
1020 755 1056 812 et
1076 746 1152 830 ejus
1168 744 1322 812 Ecclesia
1338 745 1516 816 immensis

278 887 383 952 prope
403 864 590 943 laboribus,
608 862 692 949 ipsis
714 860 781 928 illis
802 860 921 948 primis
941 861 1059 943 initiis,
1079 883 1162 946 cum
1179 873 1271 930 esset
1294 873 1447 949 tempore
1461 886 1515 932 ex

278 982 380 1051 sociis
400 982 471 1049 fere
490 979 621 1067 primus
640 998 684 1046 err
704 981 840 1059 decern,
863 1000 978 1046 amore
1001 979 1153 1045 omnium
1178 978 1376 1046 carissimus
1400 980 1509 1061 lilius,

248 1086 252 1092 ’
279 1100 384 1166 multa
398 1096 497 1177 vidit,
515 1098 621 1163 multa
637 1095 782 1176 notavit,
800 1116 912 1181 eaque
927 1094 963 1160 in
983 1092 1184 1180 quotidiano
1203 1116 1364 1163 sermone
1380 1096 1516 1182 optanti

280 1213 361 1280 milri
378 1236 480 1299 saepe
500 1188 702 1281 narravitu

345 1349 378 1413 4.
429 1328 542 1397 Patris
560 1303 654 1397 Petri
670 1325 919 1395 Ribadeneirae
934 1329 988 1394 De
1012 1329 1097 1393 actis
1119 1329 1166 1397 P.
1189 1329 1238 1394 N.
1262 1329 1399 1417 Ignatii
1425 1350 1514 1395 com·

279 1447 485 1511 moratorius,
588 1449 591 1457 '

345 1562 423 1627 Hoc
446 1558 539 1627 aliud
563 1571 616 1627 est
639 1560 682 1627 de
705 1559 830 1647 Ignatii
856 1559 958 1627 dictis
981 1581 1021 1627 ac
1045 1558 1145 1627 factis
1168 1560 1385 1645 opusculum,
1414 1560 1516 1645 cujus

280 1674 541 1763 descriptionem
559 1696 623 1743 suo
635 1676 712 1743 loco
728 1674 977 1743 exhibebimus.

346 1788 658 1859 illiusmentionem
670 1790 752 1861 fecit
756 1793 777 1879 J
780 1811 910 1859 oannes
918 1791 1040 1859 Pinius
1052 1794 1088 1873 ΙΙ;
1098 1790 1134 1857 in
1147 1791 1259 1860 lucem
1270 1812 1353 1859 vero
1363 1813 1433 1857 non
1444 1791 1515 1858 edi·

280 1908 342 1988 dit,
361 1908 506 1975 fortasse
522 1906 602 1991 quia
623 1906 681 1973 vix
696 1907 732 1973 in
748 1906 1108 1975 hisceRibadeneirae
1128 1906 1215 1973 actis
1230 1907 1416 1993 quidquam
1433 1906 1514 1973 novi

281 2022 419 2108 reperit,
442 2023 535 2106 quod
557 2022 611 2089 hic
635 2033 756 2089 auctor
776 2022 811 2089 in
831 2021 958 2109 Ignatii
980 2024 1103 2104 Vrina
1124 2044 1161 2089 se
1189 2024 1389 2109 paulopost
1415 2023 1516 2089 novis

282 2158 321 2204 ac
337 2136 615 2225 diligentioribus
631 2138 724 2206 curis
740 2139 947 2226 conscripta,
965 2160 1036 2205 non
1057 2137 1264 2207 adhibuerit.
1288 2138 1397 2207 Nobis
1418 2159 1512 2218 vero,

282 2254 340 2337 qui
357 2253 461 2319 alium
477 2276 498 2320 a
515 2253 748 2322 Bollandianis
760 2274 902 2341 scopum
918 2255 1107 2341 praefixum
1124 2256 1303 2335 habemus
1318 2256 1413 2341 prelo
1430 2257 1513 2321 sub-

278 2368 428 2454 jicienda
449 2369 697 2437 Ribadeneirae
717 2380 795 2438 acta
822 2369 993 2450 videntur,
1017 2381 1091 2436 tum
1119 2370 1199 2457 quia
1219 2370 1254 2436 in
1275 2370 1329 2437 his
1349 2393 1389 2438 ea
1411 2370 1513 2437 etiam

283 2484 517 2567 inveniuntur,
539 2506 629 2569 quae
649 2496 769 2567 auctor
791 2506 853 2573 pro
874 2507 988 2554 rerum
1008 2506 1049 2552 ac
1070 2498 1262 2573 temporum
1286 2486 1458 2572 adjunctis
1478 2486 1514 2552 in

291 2601 401 2667 Vitam
418 2600 544 2668 referre
555 2622 625 2667 non
641 2610 694 2667 est
710 2581 826 2681 ausus,
842 2611 915 2667 tum
931 2602 987 2669 vel
999 2601 1147 2669 maxime
1161 2602 1241 2686 quia
1258 2603 1370 2671 fontes
1381 2600 1437 2668 hic
1453 2604 1514 2668 de·

282 2726 529 2797 monstrantur,
548 2717 640 2783 unde
655 2716 729 2803 ipse
744 2728 804 2783 aut
822 2720 925 2784 Pater
941 2716 1073 2783 Natalis
1089 2716 1227 2783 notitias
1242 2718 1368 2784 hausit.

349 2832 426 2898 Hoc
442 2830 534 2900 enim
555 2830 674 2900 codice
691 2832 793 2899 Pater
814 2832 947 2900 Natalis
961 2831 1161 2918 saepissime
1181 2852 1265 2900 usus
1285 2844 1350 2913 est,
1368 2844 1403 2900 et
1418 2832 1514 2898 illum

281 2928 449 3013 nocturna
460 2946 651 3032 diurnaque
664 2945 945 3015 manuversavit:
961 2949 1059 3035 plura
1070 2959 1130 3014 aut
1145 2947 1348 3016 cancellavit
1359 2959 1418 3015 aut
1435 2968 1514 3013 cor-

282 3061 383 3145 rexit3
402 3083 471 3129 non
487 3073 581 3131 certe
596 3062 677 3148 quia
692 3065 777 3130 falsa
794 3074 854 3130 aut
869 3062 984 3130 minus
1004 3064 1180 3150 probanda
1196 3084 1237 3131 ea
1252 3086 1329 3132 esse
1344 3075 1513 3143 censeret,

282 3179 345 3247 sed
356 3177 435 3263 quia
447 3180 491 3244 ad
503 3180 607 3247 finem
620 3178 685 3245 sibi
701 3178 943 3264 praestitutum
955 3180 1115 3248 conferre
1131 3201 1200 3246 non
1213 3178 1392 3266 Judicavit.
1409 3179 1516 3262 Equi-

282 3296 358 3361 dem
376 3293 590 3379 suspicamur
606 3295 775 3376 Natalem,
790 3316 868 3361 cunr
885 3293 1040 3381 dialogos
1056 3296 1221 3381 quosdam
1238 3305 1299 3362 aut
1313 3294 1418 3362 vitam
1435 3316 1516 3361 san-

283 3411 328 3475 cti
346 3408 504 3476 Parentis
519 3410 840 3495 quomodocumque
856 3410 1074 3480 conscribere
1095 3432 1282 3498 aggressus
1298 3420 1402 3490 esset,
1420 3410 1516 3479 hisce

283 3524 529 3595 Ribadeneirae
545 3526 797 3593 commentariis
814 3548 914 3595 usum
936 3526 1054 3596 fuisse.
1071 3529 1192 3613 ltaque
1212 3526 1248 3593 in
1268 3526 1428 3594 omnibus
1444 3527 1516 3593 lere

282 3642 463 3709 verborum
486 3642 853 3727 comprehensionibus
868 3664 922 3725 ea,
940 3663 1029 3728 quae
1049 3644 1093 3709 de
1109 3664 1148 3711 se
1170 3640 1245 3728 ipso
1260 3640 1296 3709 in
1312 3641 1421 3729 prima
1436 3663 1516 3728 per·

281 3756 517 3843 sona-scripsit
534 3756 772 3840 Ribadeneira,
787 3758 920 3825 Natalis
937 3757 1144 3828 emendavit.
1164 3760 1214 3825 Ea
1230 3780 1331 3844 porro
1347 3779 1411 3824 nos
1426 3757 1516 3823 inte-

282 3894 358 3959 gra,
376 3885 411 3941 et
426 3884 465 3940 ut
482 3896 502 3941 a
517 3895 581 3941 suo
602 3886 743 3941 auctore
763 3874 891 3959 scripta
907 3873 1053 3960 primum
1076 3876 1186 3955 fuere,
1204 3874 1351 3955 edimus,
1369 3885 1516 3940 annota-

283 3988 326 4055 tis
341 3989 562 4057 nihilominus
585 4011 649 4057 suo
665 3991 743 4057 loco
758 3989 891 4058 Natalis
911 3987 1278 4070 animadversionibus,
1296 3988 1439 4075 aliisque
1454 4010 1515 4055 va-

285 4104 462 4171 rietatibus
476 4108 521 4173 ab
533 4126 575 4172 eo
591 4104 626 4171 in
643 4116 720 4173 acta
732 4096 980 4174 Ribadeneirae
994 4104 1157 4173 inductis.

351 4238 383 4304 5.
431 4220 511 4287 Alia
534 4231 710 4309 praeterea
733 4219 769 4289 in
793 4223 860 4288 hoc
888 4221 1064 4290 volumine
1088 4222 1310 4291 continentur
1336 4222 1514 4307 opuscula,

285 4335 453 4419 quaesti.
474 4336 598 4423 Ignatii
615 4336 705 4404 sacta
721 4346 756 4404 et
776 4336 869 4405 dicta
890 4338 1056 4420 referunt,
1079 4338 1123 4405 de
1143 4336 1269 4423 quibus
1283 4360 1358 4403 non
1379 4346 1431 4405 est
1455 4358 1517 4403 cur

283 4449 482 4538 singillatim
499 4473 656 4539 agamus
675 4473 889 4520 cumeorum
906 4465 1100 4520 accuratam
1122 4465 1157 4522 et
1177 4451 1372 4520 distinctam
1393 4453 1515 4521 seriem

330 4702 350 4737 ¹¹
389 4704 465 4757 Actu
478 4702 671 4767 Serranorum,
686 4705 745 4759 loc.
763 4702 814 4759 cit.
828 4702 944 4759 Comm.
960 4722 1074 4777 praev„
1088 4722 1121 4760 n.
1138 4704 1202 4775 689.
