3500 5367
430 529 479 584 Da
498 541 592 585 rcrrs
609 527 642 584 S.
662 529 783 586 lanam
803 544 823 586 Α
842 529 1064 586 anananama
1276 526 1330 598 387

125 699 199 765 que
214 681 405 748 desuiauan
421 689 441 748 a
458 692 552 750 otros
568 681 612 748 de
627 682 660 748 ia
674 681 879 768 Compania,
895 702 1002 750 usaua
1016 681 1306 750 ordinariamente
1321 682 1366 751 de

131 795 213 863 todo
230 797 325 884 rigor
341 798 441 864 hasta
453 796 665 884 despedirlos
680 819 703 882 y
718 797 874 864 echarlos
889 797 933 866 de
948 797 982 866 ia
1001 798 1203 883 Comperta,
1225 817 1366 884 auoque

130 911 271 980 fuessen
287 934 331 980 en
347 914 381 978 lo
392 913 511 980 demde
527 911 934 998 benissimossubjectoe3
948 933 1050 982 como
1064 933 1237 983 senecen
1251 915 1364 981 Anto·

131 1026 190 1092 nio
207 1027 355 1109 Marino,
378 1029 464 1096 letor
480 1027 523 1096 de
546 1027 660 1115 logica
683 1049 705 1114 y
726 1049 808 1114 muy
830 1027 947 1109 docto,
976 1049 1045 1113 que
1073 1030 1132 1096 fue
1158 1029 1317 1097 hechado
1334 1029 1367 1100 el

129 1140 221 1229 Julio
240 1159 336 1228 15533
352 1145 535 1232 enJacobo
548 1145 746 1224 Flamenm,
761 1165 861 1227 moco
872 1142 1024 1212 tambien
1035 1145 1138 1212 docto
1149 1146 1190 1226 ³¹3
1201 1167 1244 1214 en
1256 1145 1367 1213 Fran·
1402 1215 1405 1221 ,

133 1257 224 1325 cisco
241 1262 354 1327 Marin
371 1261 397 1296 ⁸⁸
411 1258 569 1326 ministro
583 1259 628 1326 de
642 1280 734 1341 casa;
753 1280 797 1326 en
814 1258 1000 1328 Francisco
1014 1260 1160 1347 Capram,
1182 1281 1251 1345 que
1271 1281 1311 1332 es
1324 1281 1369 1346 oy

134 1373 226 1443 buen
243 1373 406 1462 religioso
421 1377 465 1444 de
477 1377 515 1444 S.
537 1374 735 1443 Francisco.
880 1374 882 1377 ’

200 1511 257 1578 99.
308 1491 397 1558 Pero
412 1491 457 1560 de
473 1469 520 1557 tal
535 1503 651 1560 auerte
667 1511 775 1558 nnana
790 1491 888 1559 deste
903 1490 1010 1578 rigor,
1026 1513 1097 1578 que
1108 1513 1146 1560 se
1159 1497 1216 1560 uia
1227 1513 1297 1589 qne
1310 1513 1370 1559 era

135 1611 208 1672 mas
223 1605 301 1690 celo
316 1608 359 1674 de
374 1605 551 1692 disciplina
569 1627 591 1692 y
607 1605 832 1674 obseruancia
847 1607 893 1676 de
907 1607 958 1674 las
974 1607 1100 1693 regias,
1119 1628 1186 1693 que
1203 1629 1249 1674 no
1269 1628 1370 1694 aspe-

140 1741 216 1787 reza
227 1743 250 1806 y
263 1719 486 1788 terribilidad:
500 1720 765 1808 espepiaimente
776 1721 915 1806 quando
925 1743 985 1790 era
996 1743 1144 1808 persona
1157 1723 1201 1791 de
1213 1733 1370 1810 respecto
1428 1748 1431 1753 >

140 1857 162 1920 y
176 1857 244 1922 que
260 1859 319 1906 era
335 1848 504 1904 menester
515 1837 578 1904 dar
592 1848 720 1905 cuenta
734 1842 756 1904 a
771 1847 866 1904 otros
886 1836 981 1906 delo
996 1858 1063 1923 que
1082 1859 1121 1906 se
1141 1839 1253 1919 hazia,
1271 1859 1371 1906 como

137 1973 184 2019 en
193 1953 254 2032 N.,
264 1952 386 2019 doctor
394 1951 631 2020 Thenmonico
644 1953 670 1986 ³⁹
680 1962 760 2032 etc,
771 1956 863 2020 tenia
871 1925 959 2038 giren
968 1951 1195 2033 miramiento,
1205 1975 1227 2040 y
1238 1954 1372 2022 andana

142 2087 206 2132 con
222 2089 311 2154 gran
330 2067 449 2148 tient0,
467 2089 513 2134 no
525 2067 713 2153 apretando
729 2071 802 2134 mas
817 2067 860 2134 de
876 2068 910 2133 lo
927 2087 994 2152 que
1009 2069 1158 2136 mandari
1173 2070 1224 2136 las
1244 2068 1371 2156 regias,

145 2201 215 2250 mas
231 2202 278 2249 no
301 2183 481 2249 afloxando
498 2193 607 2270 punto
628 2183 673 2252 de
695 2184 812 2268 loque
828 2183 1005 2253 conforme
1020 2184 1139 2252 aeiiaa
1154 2185 1257 2270 podia
1272 2206 1372 2271 apre-

177 2342 201 2376 ’ἵ
238 2341 287 2398 Ad
300 2359 362 2398 rem
376 2341 559 2409 Focaneus,
575 2340 698 2408 Chrom,
714 2341 767 2412 111,
781 2353 826 2410 ιο,
840 2357 933 2412 agens
944 2339 984 2397 de
995 2341 1084 2397 rebus
1097 2342 1167 2400 enni
1188 2341 1270 2413 1553:
1291 2343 1374 2398 «Hoc

145 2447 217 2486 anno
230 2432 374 2504 Magister
386 2430 436 2488 iiie
451 2432 582 2503 Jacobna
594 2429 804 2503 [aldenardia]
817 2429 879 2504 qui,
895 2429 1029 2487 lovanio
1046 2430 1207 2504 proiectae,
1226 2432 1373 2489 Viennam

147 2525 176 2574 et
187 2520 254 2576 inde
268 2521 391 2577 Romam
404 2528 537 2592 venerat,
551 2527 582 2576 et
595 2520 736 2592 Magister
750 2520 900 2576 Antonine
912 2510 1041 2577 Marione
1050 2521 1219 2592 theologus,
1231 2521 1283 2594 qui
1295 2538 1312 2578 a
1322 2520 1374 2578 So·

144 2607 250 2666 ciemte
273 2609 453 2680 defecerant,
474 2611 504 2665 in
526 2607 660 2666 eamdem
679 2625 785 2680 magna
806 2624 873 2664 curn
896 2609 1065 2680 cognitione
1087 2609 1134 2666 ani
1155 2610 1263 2667 erroris
1280 2609 1376 2666 redie-

149 2705 221 2766 runt3
240 2697 296 2755 red
308 2707 413 2755 neuter
425 2696 475 2754 diu
489 2697 701 2773 perseveravit3
712 2706 742 2753 et
755 2697 939 2770 experientia
951 2699 1038 2769 piane
1050 2697 1152 2754 docuit
1164 2715 1246 2755 raroa
1259 2715 1327 2755 esee
1337 2716 1374 2754 ex

141 2775 194 2854 iis,
206 2788 255 2862 qni
269 2789 363 2844 semel
376 2804 392 2842 a
403 2785 554 2844 Societate
566 2803 634 2844 cum
646 2788 733 2859 eulpa
744 2786 828 2857 gravi
841 2785 1026 2858 deiecerant,
1037 2787 1099 2860 qni,
1113 2788 1186 2844 iicet
1197 2787 1375 2860 resipiscere

144 2873 302 2932 -vdernrur
313 2887 344 2934 et
356 2875 489 2948 redeant,
504 2873 533 2932 in
546 2874 690 2946 reiigione
707 2873 826 2932 tandem
841 2884 1062 2947 perreverent.»

182 2965 204 2998 ³⁸
239 2966 428 3022 Franciscnm
452 2965 597 3022 Marinum
617 2963 740 3020 Antonii
763 2962 866 3020 Marini
885 2961 978 3019 iniere
999 2962 1120 3019 fratrem
1138 2981 1283 3039 nusquam
1296 2981 1313 3019 a
1326 2965 1376 3020 Ri-

151 3051 303 3111 badeneira
315 3061 346 3110 et
359 3051 519 3110 Conralvio
531 3049 591 3109 dici
604 3051 800 3124 meminimus,
815 3051 866 3125 qui
880 3053 969 3108 etiam
987 3053 1141 3125 utriusque
1153 3069 1319 3124 cognomen
1332 3052 1374 3110 di·

148 3149 230 3197 versa
241 3139 335 3198 forma
347 3141 546 3212 distinguunt:
557 3141 625 3197 ittos
637 3157 708 3196 vero
721 3137 814 3195 inisse
828 3139 934 3195 fratrer
943 3139 1008 3207 erni
1020 3155 1110 3212 poree
1118 3139 1325 3196 existimamur
1337 3156 1375 3196 ex

150 3223 309 3301 rotrico,
325 3229 449 3294 chron..
469 3229 509 3301 11,
522 3229 586 3302 4⁶9,
603 3235 687 3286 etex
706 3227 812 3284 litteris
836 3227 958 3300 Joannia
980 3227 1121 3286 Bernardi
1143 3227 1219 3284 Diae
1230 3227 1269 3286 de
1283 3229 1375 3298 Luco,

149 3317 275 3394 epiceopi
286 3318 506 3392 calagurritani,
521 3317 620 3390 Epiri.
636 3315 761 3384 Mixtae,
775 3317 812 3380 V,
827 3315 890 3386 756.
904 3315 1022 3372 Etenim
1035 3313 1192 3387 Polancur,
1206 3316 1298 3374 tacito
1316 3319 1378 3374 An·

153 3406 219 3462 tonii
228 3408 358 3478 nomine,
368 3407 557 3463 Franciscum
571 3405 743 3462 nominatim
756 3404 903 3477 designat,
918 3421 986 3460 cum
999 3404 1051 3460 ait:
1065 3403 1266 3477 «Theolognm
1275 3424 1379 3481 quem·

154 3492 216 3550 dam
228 3513 286 3552 non
300 3495 487 3552 mediocriter
500 3495 530 3552 in
543 3495 726 3568 philosophia
738 3503 769 3550 et
781 3495 812 3550 in
830 3493 894 3566 ipsa
914 3493 1063 3566 theologia
1083 3493 1244 3565 eruditum,
1258 3493 1378 3552 nomine

155 3579 336 3642 Francircnm
350 3585 505 3658 Marinum,
518 3583 761 3655 Calegmritanne
774 3582 939 3656 episcopm
953 3581 993 3638 ad
1004 3592 1123 3648 aoemoe
1140 3583 1276 3640 Tridenti
1292 3584 1379 3644 m‘ue·

156 3679 204 3740 rat,
217 3673 265 3748 qni
279 3672 316 3730 nd
326 3675 507 3731 Societatem
521 3688 683 3746 propensus
696 3689 763 3729 cum
776 3669 867 3727 fratre
880 3670 1071 3728 tranemiaaua
1083 3679 1158 3728 earn
1171 3673 1241 3744 Quo
1259 3672 1291 3730 in
1303 3673 1377 3744 loco,

145 3771 187 3828 ¹ut
199 3763 292 3833 videa,
302 3763 451 3820 Frmrcieci
470 3779 578 3820 nomen
600 3761 784 3836 exprimitur;
807 3761 853 3816 sui
867 3776 938 3816 vero
951 3760 1050 3816 fratris
1070 3761 1180 3817 mentio
1196 3761 1317 3836 quidem
1334 3761 1379 3832 fit,

158 3865 254 3909 nomen
266 3854 389 3908 celatur.
412 3849 600 3910 Contrarium
613 3849 691 3923 apud
708 3849 955 3923 calagurritarum
968 3849 1139 3923 episcopum
1150 3852 1326 3923 reperimus.
1340 3852 1382 3921 la,

158 3935 265 4007 lgmtio
278 3939 470 4014 respondens,
481 3938 685 3996 dimissionem
696 3938 850 4011 utrimque
862 3936 964 3993 fratria
972 3955 990 3992 e
999 3937 1150 3995 Societate
1163 3941 1325 4010 nuntianti,
1335 3957 1381 3998 re·

157 4028 262 4086 scribit:
277 4031 334 4088 «Vi
346 4031 374 4088 ia
385 4030 516 4088 relation
525 4027 564 4086 de
573 4030 606 4085 io
616 4045 675 4102 qne
686 4045 704 4084 a
717 4027 826 4100 prendo
837 4043 876 4084 en
894 4027 924 4083 ei
936 4028 1062 4098 negocio
1078 4027 1128 4084 dei
1146 4029 1233 4086 Mtro.
1251 4030 1383 4089 Antonio

161 4111 244 4176 Maria
254 4135 275 4192 y
284 4136 321 4176 eu
333 4120 481 4190 hermano,
496 4135 517 4192 y
530 4119 651 4191 peremi
664 4133 703 4173 no
720 4133 770 4172 era
791 4123 939 4172 menester
952 4125 1012 4171 tam
1032 4116 1191 4189 particular
1204 4126 1312 4174 cuenta
1331 4115 1382 4175 de·

159 4202 235 4276 llo...,
251 4217 453 4282 mayormente
466 4224 524 4281 que
534 4223 573 4277 yo
585 4209 617 4262 ee
640 4205 720 4276 bien,
738 4223 797 4280 que
811 4221 868 4260 ann
891 4205 931 4260 V.
957 4223 997 4262 m.
1012 4223 1065 4278 por
1080 4206 1119 4262 mi
1132 4215 1282 4279 respecto,
1295 4223 1317 4280 y
1328 4223 1383 4282 por

78 4353 79 4368 ,
162 4307 203 4350 me
214 4297 297 4354 hazer
309 4296 438 4365 merced,
450 4297 531 4353 haria
540 4311 598 4352 con
610 4295 638 4352 el
649 4303 776 4350 maestro
789 4311 809 4366 y
820 4309 854 4350 en
865 4295 1007 4350 hermano
1018 4295 1155 4351 obrude
1164 4295 1384 4370 reperiam.

78 4393 80 4454 i

159 4381 230 4456 cion,
240 4403 324 4444 como
336 4389 516 4445 duramente
527 4401 576 4442 rne
597 4399 703 4457 perece
723 4399 782 4457 qne
804 4399 837 4438 ee
849 4399 889 4441 an
899 4385 986 4440 echo.
1008 4384 1087 4440 Arne
1100 4383 1211 4457 peeado
1233 4403 1292 4462 que
1304 4403 1383 4460 ayan

80 4524 82 4560 5
149 4469 318 4610 permuta
329 4475 517 4548 maduca...:
529 4473 636 4532 Dios...
647 4472 692 4529 loa
704 4471 858 4530 encamine
872 4489 910 4530 en
919 4489 955 4528 sn
964 4472 1092 4530 seruicio
1102 4489 1157 4548 por
1166 4473 1205 4529 do
1214 4473 1316 4549 quiera
1326 4493 1384 4552 que

80 4587 82 4608 ι
176 4575 286 4636 uerene,
300 4573 358 4621 etc.

81 4651 84 4726 ι

195 4651 217 4686 ⁸³
250 4655 308 4725 Agi
321 4663 457 4728 putamus
471 4651 509 4708 de
530 4649 656 4726 quodam
674 4649 804 4722 doctore,
830 4649 949 4706 Andrea
966 4653 1096 4720 nomine,
1122 4652 1208 4724 cnjus
1230 4652 1343 4710 mentio
1352 4654 1386 4710 dt

82 4737 84 4776 Ι
165 4749 252 4814 rupta,
267 4743 454 4810 Memoriale,
470 4759 499 4798 n.
517 4753 576 4813 127,
592 4755 660 4814 pag.
676 4751 740 4810 2¹5,
753 4751 783 4795 et
794 4757 823 4794 n.
839 4751 902 4810 220,
917 4757 985 4812 pag.
998 4740 1064 4800 260.
