3500 5367
420 468 472 538 34⁶
799 468 1005 536 Mouuuanrr
1024 464 1202 521 lemannus
1230 544 1233 548 ¹

384 627 419 688 et
434 626 553 706 postea
576 619 620 685 de
648 621 752 686 Patre
779 617 912 705 Ignatio
940 620 1070 685 Rornae
1098 633 1153 701 53.
1184 616 1286 683 Pater
1313 627 1429 682 autem
1444 614 1557 683 Simon
1571 627 1603 681 et

321 782 324 789 ι
384 737 544 822 agnoscit
559 740 595 805 e't
611 734 785 821 praedicat
800 736 866 801 hoc
887 716 1105 802 beneficium.

369 828 372 835 ⁵
451 868 505 933 24.
555 850 706 936 Quidam
727 854 864 938 (nomen
880 872 951 915 non
974 850 1058 917 satis
1074 848 1238 934 memini),
1256 847 1313 915 cui
1334 848 1437 915 Pater
1452 847 1606 917 exercitia

385 966 574 1053 spiritualia
590 966 742 1047 dederat,
762 967 818 1035 uel
834 977 929 1034 certe
944 987 1046 1052 quem
1062 964 1201 1033 Christo
1221 964 1423 1034 lucrifacere
1441 963 1606 1051 cupiebat,

386 1082 522 1151 Lutetia
537 1093 695 1150 euaserat
711 1092 746 1149 et
762 1104 800 1149 se
816 1072 976 1149 Ruanum
992 1082 1198 1162 contulerat,
1217 1079 1276 1147 ubi
1297 1080 1332 1147 in
1350 1081 1506 1147 morbum
1527 1078 1608 1144 inci·

386 1198 447 1280 dit;
466 1198 557 1283 quod
573 1219 653 1265 curn
666 1196 818 1265 audisset
835 1199 938 1264 Pater
953 1197 1121 1284 IgnatiuS,
1141 1195 1198 1284 qui
1227 1195 1384 1265 Lutetiae
1408 1194 1608 1263 Parisiorum

274 1358 279 1372 ·
389 1325 474 1393 erat,
489 1335 569 1380 mox
584 1313 651 1382 iter
663 1312 807 1399 pedibus
821 1314 979 1381 Ruanum
996 1334 1118 1381 uersus
1133 1312 1311 1399 corripuit;
1325 1324 1361 1381 et
1377 1310 1609 1377 nihilomnino

388 1428 423 1495 in
441 1428 497 1494 uia
513 1439 671 1515 gustans,
694 1430 754 1495 sed
777 1450 839 1513 pro
860 1449 903 1493 eo
929 1449 1043 1510 orans,
1072 1428 1227 1496 secundo
1240 1439 1300 1496 aut
1317 1426 1368 1512 3.⁰
1385 1427 1441 1495 die
1458 1429 1607 1493 Ruanum

388 1543 496 1621 uenit,
511 1554 546 1613 et
558 1564 680 1611 sanum
693 1543 878 1626 hominem,
889 1564 991 1628 quem
1004 1545 1202 1628 quaerebat,
1217 1543 1362 1612 inuenit.
1376 1541 1490 1609 Distat
1501 1555 1608 1607 autem

388 1660 548 1726 Ruanum
565 1682 585 1725 a
600 1659 736 1726 Lutetia
754 1678 797 1742 30
809 1658 916 1725 leucis
931 1658 1077 1745 gallicis.
1096 1661 1173 1745 Ipse
1188 1658 1325 1740 Olauio;
1345 1678 1412 1744 ego
1427 1679 1471 1724 ex
1491 1655 1610 1723 Olauio

392 1793 446 1861 53,
465 1786 559 1842 etex
577 1777 679 1842 Patre
696 1775 833 1860 Laynez
850 1790 905 1858 54.

450 1908 504 1973 25.
553 1889 698 1958 Dicebat
711 1911 748 1956 se
764 1890 853 1958 inter
865 1890 948 1957 alias
960 1890 1188 1977 cogitationes
1203 1887 1388 1975 aliquando
1399 1890 1487 1956 hauc
1504 1908 1608 1955 susce·

391 2007 491 2091 pisse:
511 2008 567 2072 An
583 2004 711 2091 aliquid
728 2014 796 2073 tam
810 2027 940 2073 nouum
958 2005 1013 2072 uel
1029 2004 1220 2072 inauditum
1233 2005 1290 2073 uel
1303 2004 1401 2074 triste
1412 2014 1448 2073 'et
1459 2020 1610 2091 peracer-

391 2121 472 2187 bum
489 2131 604 2207 posset
620 2120 788 2202 accidere,
806 2122 899 2207 quod
920 2143 957 2187 se
978 2120 1133 2189 molestia
1152 2121 1316 2200 afficeret,
1338 2132 1375 2188 et
1399 2120 1502 2187 animi
1524 2135 1610 2185 tran·

392 2236 593 2321 quillitatem
611 2238 837 2323 perturbaret.
857 2238 996 2304 Etcum
1013 2235 1126 2303 omnia
1142 2249 1258 2307 mente
1273 2237 1461 2322 animoque
1473 2236 1609 2304 lustras·

391 2365 455 2431 set,
473 2350 558 2417 nibil
575 2372 614 2420 se
628 2351 795 2438 reperisse
812 2362 947 2437 praeter
962 2352 1046 2419 illud
1068 2374 1187 2433 unum,
1205 2352 1235 2419 si
1259 2352 1337 2439 quis
1359 2372 1515 2419 summus
1529 2373 1611 2438 pon·

393 2466 476 2533 tifex
503 2467 709 2535 Societatem
738 2478 888 2535 nostram
915 2468 1129 2551 dissoluerat,
1158 2482 1195 2536 et
1221 2490 1290 2537 non
1317 2491 1394 2539 esse
1420 2467 1612 2556 religionem

393 2581 537 2650 iuberet:
556 2585 617 2651 sed
634 2594 760 2664 tamen,
779 2584 807 2650 si
824 2586 891 2651 hoc
907 2583 1074 2666 eueniret,
1091 2607 1130 2654 se
1148 2594 1228 2672 post
1243 2598 1400 2671 quartam
1415 2585 1523 2653 horae
1540 2603 1611 2669 par-

392 2707 460 2765 tem
477 2720 556 2766 curn
573 2711 715 2781 orasset,
735 2709 840 2767 totam
858 2700 950 2769 illam
962 2700 1066 2767 animi
1077 2700 1279 2804 molestiam,
1294 2720 1397 2788 quam
1410 2700 1524 2767 animo
1535 2720 1612 2765 con·

269 2888 272 2897 ‚
391 2813 550 2901 cepisset,
568 2814 806 2900 depositurum⁴
819 2826 854 2885 et
870 2817 914 2883 ad
925 2816 1103 2902 pristinam
1118 2815 1259 2884 omnino
1270 2835 1391 2903 pacem
1407 2828 1442 2883 et
1453 2814 1613 2884 serenita-

392 2940 460 2997 tem
477 2930 679 2997 rediturum.
699 2932 736 2997 ln
752 2935 842 2998 hanc
857 2942 974 3000 autem
990 2931 1237 3019 cogitationem
1257 2953 1358 3001 exeo
1378 2930 1511 3011 incidit,
1529 2928 1613 3015 quod

391 3046 545 3115 medicus
562 3050 700 3113 Patrem
717 3048 804 3115 male
819 3050 981 3116 affectum
994 3057 1187 3128 monuerat,
1201 3068 1296 3116 nese
1308 3045 1498 3134 angoribus
1509 3046 1612 3117 darer,

391 3182 480 3228 neue
507 3160 715 3267 tristioribus
735 3165 837 3231 rebus
853 3174 1094 3249 occuparetur,
1115 3174 1297 3251 propterea
1318 3163 1412 3249 quod
1433 3162 1476 3229 ad
1492 3180 1614 3228 curan-

390 3278 468 3343 dam
488 3262 718 3345 ualetudinem
731 3278 914 3364 plurimum
930 3278 962 3348 ei
977 3280 1220 3348 detrimentum
1236 3282 1411 3347 afferrent.
1428 3276 1522 3345 Patri
1535 3277 1614 3344 Ola-

391 3391 450 3459 uio
466 3403 501 3459 et
518 3392 612 3459 Patri
631 3393 781 3462 Polanco
797 3394 894 3461 dixit:
913 3416 956 3461 ex
972 3392 1053 3477 illis,
1070 3412 1161 3462 anno
1179 3409 1234 3480 53.

461 3508 515 3576 26.
564 3508 601 3573 ln
617 3509 778 3575 cubiculo
797 3510 891 3575 solus
911 3531 990 3576 cum
1011 3521 1135 3591 oraret,
1152 3531 1235 3578 ecce
1261 3508 1324 3577 tibi
1338 3508 1476 3587 ianitor,
1494 3509 1616 3575 ostium

391 3622 540 3690 cubiculi
558 3624 709 3709 pulsans,
730 3627 866 3692 Patrem
884 3624 1078 3710 importune
1093 3624 1299 3712 interpellat3
1319 3635 1413 3694 tacet
1429 3626 1544 3703 Pater3
1566 3624 1617 3689 ille

392 3736 515 3805 iterum
535 3750 639 3823 atque
660 3738 784 3807 iterum
806 3740 929 3825 pulsat3
954 3744 1105 3824 tandem,
1126 3740 1216 3809 ostio
1234 3753 1365 3828 aperto:
1384 3740 1477 3827 quid,
1495 3738 1615 3825 inquit,

394 3852 462 3921 uis?
478 3856 577 3920 Tunc
593 3854 661 3924 ille:
680 3876 724 3921 en
742 3854 815 3937 tibi,
834 3857 950 3936 Pater,
968 3856 1102 3926 litterae
1114 3880 1134 3924 a
1148 3858 1297 3943 quodam
1314 3856 1479 3935 redditae,
1501 3874 1618 3941 quasa

393 3968 502 4055 patria
519 3980 579 4039 tua
590 3970 673 4037 dicit
685 3992 762 4040 esse
778 3972 909 4053 allatas;
928 3983 964 4040 et
979 3972 1081 4040 simul
1097 3972 1300 4041 fasciculum
1313 3973 1409 4041 Patri
1421 3973 1522 4040 offert
1533 3972 1619 4037 litte·

393 4105 521 4166 rarum,
540 4106 643 4171 quern
660 4089 764 4156 Pater
779 4086 893 4154 statim
910 4087 945 4153 in
961 4087 1091 4174 ignem,
1110 4088 1145 4156 in
1160 4088 1322 4157 cubiculo
1337 4100 1476 4177 propter
1490 4086 1619 4175 hyemis

394 4200 614 4285 asperitatem
630 4224 826 4284 accensum,
849 4202 973 4270 coniici
994 4204 1101 4287 iubet3
1120 4215 1167 4285 et,
1184 4204 1274 4271 ostio
1292 4204 1419 4272 iterum
1434 4206 1566 4284 clauso,
1582 4202 1620 4267 ad

393 4315 584 4383 orationem
601 4318 786 4386 reuertitur
797 4316 824 4385 d.
844 4322 921 4407 Ego
936 4320 1028 4387 domi
1045 4342 1135 4388 anno
1151 4338 1285 4405 41.-r.

464 4446 519 4513 27.
568 4432 606 4497 ln
634 4431 747 4501 Gallia
771 4432 945 4521 Cisalpina
973 4438 1086 4523 (quam
1114 4434 1355 4505 Lombardiam
1383 4436 1528 4521 uocant)
1547 4454 1618 4502 cum

447 4683 462 4723 d
483 4680 570 4751 Quae
582 4688 750 4754 sequuntur
764 4700 855 4755 usqua
868 4687 910 4740 ad
916 4686 1013 4759 finem
1024 4686 1224 4775 paragraphi
1235 4699 1271 4757 η
1282 4686 1451 4743 cancellato
1463 4691 1546 4743 sunt.
