3500 5367
435 440 652 497 Dtsnsxsnrro
671 454 805 498 nrvnruu
823 452 975 497 osmerurr
993 450 1168 495 nucrrnum
1329 436 1384 509 553

179 591 217 659 in
232 591 383 660 Domino
407 593 578 661 salubrius
605 594 846 681 conspexerint
874 592 1047 680 expedire,
1077 614 1183 680 super
1206 614 1275 679 quo
1296 613 1415 661 eorum

178 708 427 777 conscientiam
439 708 607 789 onerauit,
623 708 706 776 alias
718 709 889 778 orationes
902 710 1040 777 vocales
1056 706 1076 790 ³,
1091 730 1192 795 quee
1207 708 1295 775 libro
1309 707 1417 795 repeti

179 845 250 891 non
263 826 426 908 habeant,
440 824 554 893 dicere
566 847 606 892 ac
620 825 776 906 recitare,
790 847 852 891 seu
865 824 1099 892 confessiones
1114 824 1246 905 audire,
1261 824 1316 892 vel
1332 824 1413 911 Xpi.

177 940 300 1008 fideles
315 940 499 1022 exhortari,
525 942 579 1009 uel
602 940 716 1027 aliqua
731 941 798 1008 alia
824 962 929 1028 opera
956 939 1022 1006 sibi
1042 951 1077 1008 et
1098 940 1227 1009 eisdem
1256 940 1415 1007 fidelibus

178 1056 407 1123 fructuosiora
434 1068 469 1125 et
496 1056 684 1124 salubriora
711 1059 842 1139 iacere,
872 1057 1003 1144 absque
1024 1055 1233 1126 conscientie
1252 1044 1415 1143 scrupulo

178 1171 287 1239 libere
301 1183 337 1239 et
352 1172 444 1239 licite
471 1173 603 1260 possint
619 1184 654 1242 et
670 1175 820 1254 valeant,
839 1172 920 1242 viue
944 1173 1041 1240 vocis
1060 1174 1203 1241 oraculo
1224 1172 1307 1239 mibi
1324 1173 1415 1239 facto

175 1286 332 1368 indulsit,
347 1288 481 1373 sibique
496 1289 540 1356 ad
553 1288 588 1354 id
603 1288 774 1357 licentiam
790 1300 826 1358 et
837 1290 1038 1357 facultatem
1055 1288 1242 1375 apostolica
1262 1286 1415 1355 auctori-

177 1415 252 1472 tate
269 1404 455 1474 concessit.

247 1522 283 1586 ln
303 1542 448 1607 quorum
466 1521 570 1589 fidem
588 1521 825 1607 praesentibus
837 1521 880 1588 de
897 1519 1005 1606 ipsius
1017 1520 1128 1589 SSmi.
1145 1519 1274 1587 domini
1286 1518 1413 1587 nostrij

176 1636 343 1703 mandato
363 1636 566 1723 subscripsi,
595 1648 629 1703 et
656 1638 731 1703 illas
757 1637 856 1703 solito
881 1635 1030 1723 ksigillo
1058 1648 1245 1705 memorate
1272 1635 1412 1703 basilice

177 1750 306 1819 muniri
324 1752 402 1819 feci.

146 1847 148 1851 ¹
246 1869 376 1935 Datum
398 1870 507 1934 Rome
526 1866 562 1934 in
582 1868 741 1935 domibus
763 1890 858 1937 meae
877 1866 887 1907 ¹
906 1868 1026 1936 solitae
1049 1867 1266 1950 residentiae,
1284 1887 1375 1933 anno
1391 1888 1413 1933 a

176 1982 361 2052 natiuitate
381 1984 510 2050 domirti
526 1983 633 2051 nostri
655 1987 728 2051 lhu.
749 1984 828 2071 Xpi.
849 1986 1165 2064 M.D.XXXVllll,
1183 1984 1240 2053 die
1255 2007 1338 2057 vero
1353 2006 1410 2051 se-

174 2100 294 2165 cunda
305 2099 608 2188 mensisJanuarii,
620 2100 841 2188 pontificatus
853 2099 998 2186 predicti
1010 2100 1123 2170 SSmi.
1138 2122 1229 2168 anno
1242 2100 1363 2186 quinto
1374 2112 1407 2165 ¹²¹.

244 2216 289 2281 Et
305 2237 372 2301 ego
387 2218 415 2282 F
417 2216 593 2283 ranciscus
606 2215 803 2283 Vannutius
819 2238 993 2299 romanuS,
1018 2216 1131 2286 SSmi.
1150 2214 1282 2283 domini
1302 2214 1410 2282 nostri

175 2330 278 2397 Pauli
295 2329 413 2398 diuina
428 2330 642 2417 prouidentia
658 2353 746 2418 pape
762 2330 852 2399 tertii
870 2331 1162 2413 eleemosinariuS,
1186 2342 1220 2400 et
1241 2331 1332 2400 dicte
1348 2333 1411 2398 ba-

174 2444 272 2513 silice
288 2446 324 2512 in
340 2448 451 2515 Fonte
471 2447 537 2513 olei
557 2446 754 2529 canonicus,
777 2447 893 2514 omnia
914 2458 949 2517 et
969 2447 1108 2535 singula
1127 2468 1233 2535 supra
1253 2446 1380 2535 scripta
1395 2458 1411 2487 ¹¹

175 2571 321 2629 attestor
337 2574 372 2630 et
388 2564 431 2629 de
448 2563 513 2630 illis
528 2565 631 2632 fidem
650 2563 750 2633 facio

242 2679 294 2745 lta
309 2689 375 2748 est.
393 2680 486 2746 Idem
514 2680 719 2747 Franciscus
736 2678 934 2748 Vannutius
950 2702 1055 2747 manu
1071 2678 1207 2767 propria
1221 2678 1408 2765 subscripsi

173 2804 210 2862 et
225 2792 389 2881 sigillaui.
490 2884 494 2893 ι

242 2910 368 2975 Exstat
384 2912 562 2999 integrum
578 2912 749 2999 sigillum.

243 3025 354 3091 Manu
370 3026 406 3093 S.
426 3027 563 3113 Ignatii
578 3028 616 3092 in
628 3040 679 3108 4.²
689 3030 839 3115 pagina.
853 3028 920 3096 Del
936 3027 1049 3095 officio
1065 3027 1120 3096 del
1133 3048 1229 3093 rezar
1245 3038 1271 3091 ⁰.

242 3142 325 3207 Atia
341 3165 460 3210 manu.
484 3142 701 3229 Dispensatio
722 3144 813 3211 circa
835 3143 1072 3213 recitationem*
1092 3142 1196 3210 officii
1217 3141 1326 3208 diuini
1346 3161 1408 3228 pro

169 3257 362 3324 venerabili
379 3258 511 3345 ignatio
528 3259 571 3327 de
589 3260 719 3345 Loyola
736 3271 770 3329 et
781 3260 916 3328 Didaco
932 3260 976 3329 de
993 3259 1119 3347 Eghia.

242 3374 440 3461 Signatum
455 3378 617 3463 antiguu.
637 3378 728 3445 Vlll.
747 3396 794 3461 13.

227 3645 236 3686 i
274 3642 363 3698 Deest
375 3644 429 3699 troc
442 3645 565 3699 verbum
580 3645 614 3723 in
628 3644 745 3701 anau.»
784 3646 825 3696 -i
845 3644 904 3700 PP.
919 3646 1007 3700 addit
1020 3644 1147 3701 latter.»
1185 3648 1236 3688 -k
1255 3643 1345 3699 Deest
1357 3645 1411 3699 troc

170 3732 300 3789 verbum
319 3734 353 3787 in
371 3734 497 3789 latter.»
534 3736 577 3776 -1
597 3734 688 3789 Deest
704 3735 757 3789 troc
776 3734 899 3789 verbum
913 3732 1078 3789 inrrBoll.»
1116 3748 1174 3777 -m
1194 3734 1283 3803 Quae
1295 3750 1411 3803 sequtm

168 3828 236 3889 tur,
248 3838 339 3893 usqua
349 3823 391 3877 ad
400 3823 490 3878 verba
501 3822 580 3879 ldem
592 3822 777 3891 FranciscuS,
789 3824 1007 3879 desiderantur
1017 3824 1051 3877 in
1062 3823 1180 3878 «Bello
1219 3852 1245 3863 -
1254 3838 1268 3864 n
1286 3832 1410 3893 supra,tu

167 3929 245 3977 ms.;
258 3916 357 3983 posset
374 3914 467 3968 etiam
485 3914 561 3987 tegi:
578 3912 756 3985 supradicta.
795 3928 843 3955 -0
863 3912 1069 3968 Boltondiant
1087 3914 1198 3967 Patres
1215 3913 1334 3966 dicunt:
1355 3911 1409 3966 «In

167 4006 260 4073 tergo
277 4002 466 4072 adscriptum
484 4020 544 4058 esse
561 4002 594 4057 S.
613 4002 722 4073 Ignatii
739 4020 852 4070 manu,
869 4000 990 4058 licentia
1007 4000 1045 4056 de
1063 4000 1148 4072 luigo
1169 4018 1238 4073 para
1256 4002 1283 4055 el
1302 3998 1410 4058 Officio

167 4106 369 4147 canonico...»
