3500 5367
352 415 405 487 556
730 416 940 473 Mouuuaum
958 412 1140 471 leuantur

313 590 376 655 per
397 590 466 653 quo
486 566 521 635 in
541 568 625 635 locis
650 570 693 635 ad
721 571 787 635 hoc
813 568 1088 655 congruentibus
1111 575 1147 636 et
1173 567 1327 635 honestis
1354 568 1434 654 (sine
1456 566 1528 633 iuris

313 683 417 750 alieni
438 682 657 771 praeiudicio)
685 684 787 751 etiam
815 694 1000 769 antequam
1028 684 1204 753 illucescat
1224 684 1299 751 dies
1320 683 1410 750 circa
1429 694 1529 751 tamen

312 798 472 867 diurnam
493 800 605 868 lucem
633 800 793 886 quotiens
820 799 967 888 qualitas
991 800 1209 887 negotiorum
1229 823 1293 886 pro
1322 808 1467 887 tempore
1484 799 1529 864 in·

313 914 515 999 gruentium
531 915 566 981 id
582 914 728 1002 exigerit
744 914 876 995 missas,
892 927 927 984 ct
942 901 1142 984 alia‘diuina
1156 915 1282 999 officia,
1296 915 1399 983 etiam
1412 914 1446 980 in
1459 913 1531 981 locis

313 1028 548 1098 ecclesiastico
568 1029 749 1098 interdicto
776 1031 949 1099 ordinaria
976 1031 1187 1099 authoritate
1213 1031 1408 1118 suppositis,
1429 1030 1462 1095 in
1476 1029 1530 1095 ill'u

314 1156 432 1212 tamen
453 1144 565 1212 ianuis
585 1145 710 1213 clausis
731 1147 1038 1215 excommunicatis
1059 1157 1095 1215 et
1115 1144 1306 1214 interdictis
1325 1168 1461 1234 prorsus
1479 1168 1529 1213 er·

315 1260 436 1344 clusis,
453 1283 524 1329 non
540 1261 683 1348 pulsatis
700 1264 887 1348 campanis,
905 1274 941 1329 et
962 1262 1133 1330 submissa
1149 1284 1235 1331 voce
1254 1263 1291 1329 in
1307 1285 1371 1329 sua
1392 1273 1426 1331 et
1445 1260 1531 1328 fami-

317 1376 442 1443 liarum
457 1378 722 1446 domesticorum
738 1400 879 1447 suorum
890 1379 1071 1467 utriusque
1085 1390 1099 1420 ⁶
1114 1400 1218 1448 sexus
1228 1378 1433 1465 praesentia,
1446 1380 1531 1445 dum·

320 1494 421 1560 modo
438 1492 494 1561 ille
510 1495 565 1561 vel
586 1493 634 1560 illi
653 1517 792 1565 causam
814 1518 884 1563 non
905 1495 1063 1564 dederint
1082 1495 1277 1575 interdicto,
1300 1516 1366 1561 nec
1383 1493 1416 1559 id
1430 1494 1474 1560 illi
1486 1491 1531 1558 vel

317 1608 385 1677 illis
401 1610 578 1696 contingat
594 1610 790 1698 specialiter
805 1610 963 1681 interdici
978 1613 1151 1681 celebrare
1171 1634 1235 1679 seu
1254 1608 1417 1678 celebrari
1436 1609 1532 1676 iacere

321 1725 428 1793 libere
445 1737 480 1793 et
495 1724 588 1793 licite
604 1727 747 1813 possint.

388 1844 442 1907 De
456 1843 661 1909 stationibus
684 1844 782 1909 Vrbis
798 1849 830 1909 et
845 1844 1152 1911 extra-Necnon
1168 1840 1316 1930 singulis
1328 1837 1533 1929 quadragesi·

321 1958 468 2023 malibus
484 1968 518 2026 et
534 1958 608 2024 aliis
627 1957 731 2025 totius
748 1958 828 2026 anni
845 1960 1069 2045 temporibus,
1084 1979 1125 2026 ac
1140 1957 1263 2026 diebus
1279 1956 1315 2023 in
1336 1956 1458 2043 quibus
1475 1964 1534 2020 sta·

322 2069 435 2139 tiones
450 2082 485 2139 et
502 2071 740 2159 indulgentiae
755 2073 790 2139 in
806 2072 956 2141 basilicis
971 2083 1007 2139 et
1022 2072 1176 2141 ecclesiis
1191 2070 1305 2139 dictae
1320 2071 1425 2151 vrbis,
1438 2078 1470 2137 et
1483 2088 1534 2134 ex-

320 2198 376 2253 tra
393 2208 508 2254 muros
524 2188 689 2256 celebrari
714 2190 840 2272 solent,
869 2211 974 2256 vnam
996 2190 1052 2258 vel
1078 2191 1165 2256 duas
1182 2188 1345 2257 ecclesias
1367 2197 1427 2253 aut
1444 2204 1533 2250 vnum

322 2303 379 2369 vel
395 2304 465 2369 duo
483 2314 542 2369 aut
558 2302 624 2370 tria
639 2303 758 2371 altaria
774 2304 875 2371 vnius
890 2307 946 2370 vel
962 2305 1177 2372 diuersarum
1198 2303 1420 2371 ecclesiarum
1434 2298 1493 2367 loci
1505 2296 1532 2363 in

322 2439 395 2503 quo
410 2440 489 2485 eum
506 2440 569 2505 pro
584 2429 737 2505 tempore
752 2440 828 2488 esse
844 2420 1029 2507 contigerit
1041 2442 1102 2506 per
1117 2441 1196 2487 eum
1218 2418 1395 2506 eligendas
1416 2425 1472 2482 aut
1484 2412 1535 2482 eli·

325 2535 441 2621 ganda
457 2534 625 2601 visitando
640 2556 761 2602 omnes
776 2547 811 2604 et
831 2535 987 2622 singulas
1009 2534 1254 2621 indulgentias,
1277 2556 1319 2600 ac
1338 2544 1534 2620 peccatorum
1630 2511 1635 2533 ⁸
1669 2609 1670 2616 ἵ

326 2648 543 2717 remissiones
564 2671 649 2735 quas
670 2660 963 2737 consequerentur
982 2650 1011 2717 si
1031 2649 1161 2717 eisdem
1184 2648 1405 2736 temporibus,
1426 2667 1463 2713 ac
1476 2643 1535 2711 die·

326 2768 391 2832 bus
408 2765 571 2833 Basilicas
588 2777 622 2833 et
637 2765 802 2835 ecclesias
815 2766 908 2833 vrbis
919 2777 954 2835 et
966 2777 1064 2833 extra
1075 2787 1193 2833 muros
1207 2764 1405 2832 huiusmodi
1419 2760 1536 2829 visitas·

325 2893 406 2949 sent
421 2892 456 2949 et
472 2881 538 2949 alia
554 2882 597 2948 ad
614 2881 648 2948 id
664 2882 827 2967 requisita
843 2880 1005 2951 fecissent
1020 2881 1196 2967 consequi.

396 3000 450 3065 De
465 3020 531 3064 usu
546 3019 692 3063 ouorum
708 3002 739 3063 et
753 2996 1148 3083 carnium-Deinceps
1161 2993 1500 3083 quadragesimalibus
1508 3000 1537 3055 ct

329 3113 406 3181 aliis
419 3114 641 3201 temporibus
660 3134 700 3180 ac
716 3112 839 3181 diebus
856 3113 982 3199 quibus
997 3114 1040 3179 de
1060 3112 1136 3180 iure
1156 3122 1215 3178 aut
1235 3110 1477 3180 consuetudine
1492 3103 1536 3169 rel

315 3226 414 3296 ,alias
423 3228 741 3309 casei,ouorum,et
750 3227 893 3295 aliorum
903 3226 1254 3309 lacticiniorum,esus
1262 3224 1459 3313 prohibetur
1466 3217 1537 3294 ouis,

328 3345 467 3429 butyro,
494 3364 608 3425 caseo,
634 3345 736 3424 lacte,
762 3354 797 3411 et
820 3342 895 3409 aliis
918 3342 1098 3410 lacticiniis
1119 3342 1226 3411 libere
1252 3363 1294 3408 ac
1319 3342 1366 3409 de
1391 3350 1540 3407 consensu

330 3459 510 3545 utriusque
527 3458 661 3541 medici,
680 3460 781 3527 etiam
803 3457 964 3525 carnibus
984 3460 1115 3544 absque
1138 3456 1369 3526 conscientiae
1388 3449 1537 3539 scmpulor

333 3574 396 3655 vti,
414 3586 450 3641 et
466 3574 571 3642 vesci.

400 3694 556 3758 Potestas
576 3690 725 3757 lwnestis
741 3690 944 3756 mulieribus
965 3690 1124 3755 intrandi
1144 3708 1375 3775 qtmecumque
1395 3684 1540 3752 motusic·

330 3812 390 3877 ria
406 3808 509 3873 etiam
529 3806 651 3873 Sancte
669 3807 875 3873 Clara-Et
893 3826 1017 3873 uxores
1036 3804 1208 3871 dictorum
1229 3804 1437 3871 confratrum
1456 3794 1539 3865 etiam

330 3922 362 3989 si
377 3921 503 3991 viduae
519 3922 756 4004 remanserint,
774 3921 876 3991 etiarn
898 3943 965 3988 vna
984 3942 1064 3989 cum
1086 3942 1153 3987 vna
1173 3941 1236 3987 seu
1257 3921 1393 3987 duabus
1411 3906 1541 3983 honestis

332 4037 535 4105 mulieribus
547 4060 784 4125 quaecumque
799 4036 814 4077 ‘¹
830 4036 1038 4105 monasteria
1053 4035 1251 4104 monialium
1266 4034 1420 4103 cuiusuis
1433 4021 1541 4099 ordinis

333 4156 438 4222 etiam
467 4156 618 4224 Sanctae
644 4156 778 4237 Clarae,
808 4165 930 4240 quater
958 4152 1110 4239 quolibet
1137 4173 1229 4219 anno
1256 4149 1405 4238 ingredi,
1430 4156 1540 4215 etcum

332 4271 464 4340 eisdem
476 4270 682 4338 monialibus
692 4270 786 4355 loqui
797 4280 833 4336 et
845 4268 1055 4349 conuersari,
1067 4288 1107 4335 ac
1119 4267 1341 4336 refectionem
1353 4258 1541 4357 corporalem

333 4409 472 4456 sumere
484 4387 670 4454 dummodo
687 4384 771 4453 inibi
788 4397 800 4426 ⁸
816 4406 887 4451 non
904 4393 1118 4471 pernoctent,
1130 4382 1240 4457 iibere
1257 4392 1292 4451 et
1306 4378 1401 4450 licite
1415 4376 1538 4444 valrani·

389 4654 403 4683 c
440 4640 610 4713 utriusquae
623 4639 738 4713 origin.
777 4639 826 4681 -d
844 4652 1058 4709 quaecunquae
1070 4634 1186 4707 origin.
1222 4647 1272 4677 -ε
1290 4624 1496 4700 inhibiorigiu·
