3500 5367
426 440 479 513 350
806 444 1014 497 Mouuuaurn
1033 443 1213 499 lenimur

391 595 509 663 mitum
527 595 649 679 redire,
672 617 735 683 pro
763 617 872 681 coque
900 618 969 662 non
986 617 1062 663 esse
1082 606 1151 663 tam
1173 566 1309 662 anxiam
1328 596 1373 662 de
1393 617 1508 661 earum
1529 616 1596 661 con·

388 710 546 779 uersione
567 733 684 778 curam
705 711 969 798 suscipiendam:
991 711 1143 791 minime,
1166 710 1278 797 inquit
1299 714 1415 791 Pater,
1438 733 1530 792 sane;
1549 714 1600 779 sed

384 848 452 913 ego
469 827 625 913 quidem,
643 826 672 894 si
688 828 847 894 omnibus
874 826 1049 894 laboribus
1068 839 1103 894 et
1118 827 1212 895 curis
1236 848 1370 913 possem
1392 826 1454 893 uni
1473 848 1598 913 persua·

381 943 461 1009 dere
478 954 515 1009 ut
532 944 587 1009 uel
603 965 672 1009 una
688 954 822 1009 tantum
836 955 938 1009 nocte
951 966 971 1010 a
986 953 1128 1029 peccato
1140 942 1329 1011 abstineret
1346 957 1485 1029 propter
1500 942 1594 1007 domi·

382 1080 465 1125 num
480 1080 594 1127 meum
607 1062 726 1147 Jesum
741 1058 929 1140 Christum,
947 1058 1032 1124 nihil
1051 1057 1192 1125 omnino
1211 1058 1418 1138 omitterem,
1438 1070 1475 1123 ut
1490 1058 1596 1125 saltem

381 1174 439 1240 illo
456 1185 611 1261 tempore
627 1176 738 1241 Deum
755 1194 825 1240 non
837 1175 1038 1254 offenderet,
1053 1174 1197 1242 etiamsi
1209 1173 1331 1241 scirem
1345 1185 1496 1261 posteae
1510 1172 1598 1240 nern-

380 1288 439 1376 gio
455 1292 498 1357 ad
514 1290 690 1376 pristinam
707 1289 993 1356 consuetudinem
1006 1289 1295 1357 redituram-R.

444 1422 499 1489 45.
549 1406 677 1472 Eodem
692 1415 825 1491 spectat
841 1382 991 1489 quod'ex
1006 1405 1127 1471 eodem
1145 1407 1248 1471 Patre
1271 1404 1411 1474 memini
1432 1426 1487 1471 me
1510 1405 1596 1471 audi·

378 1520 480 1601 uisse,
499 1542 577 1588 curn
595 1521 638 1588 de
654 1520 886 1606 proximorum
902 1520 1137 1587 aedificatione
1161 1531 1196 1589 et
1216 1521 1328 1588 salute
1347 1522 1457 1588 uerba
1477 1522 1597 1588 faeere·

378 1658 466 1704 mus.
476 1636 622 1705 Dicebat
634 1635 726 1701 enim
738 1656 775 1703 se
787 1634 939 1719 quidem,
949 1634 978 1701 si
990 1635 1034 1701 ad
1046 1634 1236 1701 animarum
1248 1636 1394 1703 salutem
1407 1635 1594 1722 pertineret,

376 1752 627 1839 paratissimum
647 1773 724 1819 esse
744 1750 846 1817 nudis
864 1736 1011 1836 pedibus
1030 1750 1202 1832 incedere,
1221 1751 1383 1819 carnibus
1397 1765 1559 1819 onustum
1575 1756 1594 1784 ¹·

375 1888 435 1955 per
451 1869 580 1954 plateas
596 1867 828 1949 deambulare,
845 1868 976 1933 nullum
993 1867 1143 1951 denique
1159 1886 1319 1935 recusare
1338 1868 1509 1948 habitum,
1526 1870 1593 1933 nul·

371 1986 442 2051 lum
458 1984 647 2051 detrectare
663 1982 930 2069 ignominiosum
946 1993 981 2047 et
996 1980 1178 2048 ridiculum
1194 1982 1393 2051 uestimeuti
1408 1985 1475 2079 uel.
1483 1996 1596 2071 gestus

370 2120 482 2186 genus
497 2110 523 2179 Ρ,
542 2100 633 2184 quod
649 2109 742 2167 certe
758 2099 814 2165 uel
830 2097 1007 2164 minimum
1021 2097 1178 2165 utilitatis
1189 2118 1301 2185 genus
1312 2099 1512 2167 hominibus
1522 2122 1593 2187 pos-

372 2228 425 2282 set
453 2217 585 2286 aiferre.
615 2216 729 2299 Quam
758 2214 958 2281 charitatem
975 2212 1078 2282 etiam
1102 2214 1137 2281 in
1165 2213 1309 2281 aliorum
1324 2214 1449 2283 animis
1468 2216 1592 2283 insitam

370 2354 446 2399 esse
462 2342 565 2417 atque
581 2331 767 2418 plantatam
786 2331 889 2399 Pater
905 2341 1023 2398 noster
1034 2330 1262 2399 desiderabat.
1277 2332 1452 2417 Quocirca
1467 2352 1545 2399 cum
1556 2334 1596 2397 26

371 2446 546 2515 Februarii
564 2446 643 2515 anni
665 2463 746 2530 1555
764 2456 779 2496 ‘¹
795 2442 932 2530 quidam
946 2446 1103 2513 infirmus
1115 2446 1215 2514 morti
1227 2446 1444 2534 propinquus
1464 2451 1594 2514 domum

370 2575 521 2631 nostram
548 2563 590 2629 ad
611 2563 854 2630 accersendum
876 2562 1125 2654 confessarium
1144 2562 1303 2643 misisset,
1321 2564 1420 2649 isque
1443 2586 1523 2631 cum
1538 2584 1590 2629 ue-

367 2679 473 2747 nisset
491 2679 563 2746 uita
578 2679 781 2746 defunctum
796 2676 969 2745 hominem
985 2676 1191 2763 reperiisset,
1210 2680 1303 2762 quod
1317 2678 1356 2744 ln
1378 2679 1436 2747 uia
1453 2680 1592 2765 aliquam

367 2816 496 2862 moram
514 2793 754 2874 contraxisset,
771 2792 1007 2886 incredibilem
1025 2795 1127 2861 Pater
1145 2815 1189 2861 ex
1213 2813 1255 2862 ea
1270 2816 1307 2861 re
1326 2796 1483 2862 dolorem
1500 2816 1589 2862 acoe-

367 2910 429 2997 pit,
453 2922 488 2979 et
509 2933 629 2978 omnes
656 2911 852 2977 sacerdotes
879 2908 1064 2975 conuenire
1092 2908 1191 2975 iussit
1207 2921 1242 2975 et
1262 2910 1352 2978 inter
1372 2932 1410 2977 se
1426 2913 1590 2984 conferre,

367 3048 535 3111 quaenam
552 3024 638 3124 ratio
654 3024 730 3091 iniri
747 3035 875 3111 posset,
897 3035 934 3089 vt
950 3036 961 3063 ¹
976 3024 1013 3089 iu
1041 3034 1215 3110 posterum
1244 3024 1354 3094 simile
1380 3026 1513 3112 aliquid
1527 3046 1590 3093 non

367 3140 548 3223 accideret,
566 3142 627 3208 sed
642 3152 661 3208 e
678 3140 827 3227 uestigio
843 3140 1004 3207 sacerdos
1020 3140 1194 3206 hominem
1210 3162 1249 3209 se
1270 3152 1455 3209 uocantem
1475 3145 1588 3209 subse·

366 3267 541 3342 queretur.
559 3256 697 3324 Adiecit
714 3266 826 3322 autem
847 3258 949 3321 Pater
968 3267 1007 3320 ut
1025 3238 1193 3337 uiderent,
1211 3276 1293 3321 num
1310 3256 1503 3342 expediret,
1520 3278 1592 3323 cum

365 3372 513 3439 hominis
529 3370 713 3457 postulatio
734 3370 868 3437 ianitori
893 3370 1158 3456 significaretur,
1183 3382 1221 3437 ut
1249 3371 1304 3437 ille
1331 3373 1591 3460 quamprimum

364 3508 562 3574 campanam
579 3508 622 3554 eo
642 3488 743 3553 modo
759 3486 922 3572 pulsaret,
942 3496 980 3551 ut
999 3506 1120 3552 omnes
1143 3486 1343 3554 confessarii
1366 3488 1591 3575 intelligerent

365 3605 408 3669 ad
425 3604 492 3671 tale
508 3602 686 3689 negotium
709 3624 746 3669 se
767 3601 895 3681 uocari,
913 3615 948 3667 et
969 3602 1012 3667 ad
1039 3602 1177 3668 ianuam
1204 3614 1346 3689 repente
1373 3618 1587 3674 accurrerent

364 3742 495 3801 omnes,
514 3730 552 3786 ut
569 3740 686 3787 eorum
703 3717 825 3803 aliquis
841 3730 850 3759 ⁵
868 3718 902 3783 in
919 3717 1080 3785 extremis
1095 3719 1308 3787 laborantem
1324 3719 1538 3789 adiret-R.

429 3836 484 3918 46.
534 3836 578 3901 Et
595 3834 758 3918 quoniam
775 3834 819 3902 de
836 3855 926 3900 noua
937 3835 1033 3902 Stae.
1049 3836 1203 3901 Marthae
1216 3835 1330 3921 (quam
1343 3838 1483 3922 uocant)
1496 3838 1591 3903 domo

363 3954 494 4019 Romae
509 3950 666 4017 instituta
683 3946 892 4018 mentionem
910 3948 1066 4029 fecimuS,
1084 3970 1152 4016 non
1166 3947 1231 4017 erit
1241 3950 1304 4016 abs
1316 3973 1354 4019 re
1366 3973 1477 4037 pauca
1489 3972 1588 4037 quae·

362 4068 440 4135 dam
456 4066 500 4134 de
517 4065 630 4145 modo,
649 4086 719 4150 quo
735 4065 881 4151 primum
897 4064 1060 4131 inchoata
1075 4065 1140 4130 fuit
1151 4050 1256 4150 atque
1272 4078 1398 4147 erecta,
1413 4067 1540 4147 dicere,
1555 4078 1589 4131 ut

414 4258 428 4299 a
465 4258 540 4315 gens
553 4260 609 4300 ms.
648 4258 697 4297 -tr
717 4242 785 4307 Non
803 4242 887 4297 clar'e
900 4240 1034 4296 discerni
1043 4245 1139 4315 potest
1158 4241 1285 4296 ultimus
1296 4246 1587 4310 numemffledwn·

358 4332 418 4387 stat
429 4346 447 4419 5
460 4350 520 4388 asse
538 4332 652 4388 debere.
690 4346 738 4373 ..r
756 4331 796 4386 Vt
809 4330 945 4397 Natalia·
955 4332 1043 4401 prius
1054 4330 1201 4404 scriplum
1212 4328 1314 4402 fuisse
1326 4333 1537 4388 existimamur
1551 4342 1587 4386 et.

361 4436 406 4465 -s
425 4420 462 4475 ad
474 4420 624 4475 hominem
637 4418 759 4475 addidit
773 4418 908 4473 Natalis.

380 4528 573 4537 .-....-.---...-..

392 4576 415 4610 “
452 4572 529 4628 Vide
543 4588 640 4644 supra,
654 4586 722 4644 pag.
739 4584 800 4641 127,
814 4579 913 4626 annot.
931 4588 995 4642 ug»,
1007 4570 1057 4626 ubi
1071 4570 1170 4626 variae
1179 4570 1267 4642 hujtrs
1281 4572 1337 4628 loci
1351 4573 1497 4683 lectiones
1510 4573 1585 4631 exhi·

358 4666 476 4721 bentur.
