3500 5367
339 491 340 494 κ
385 455 437 525 526
765 454 974 511 nonnarum
992 454 1173 509 louurnus

349 607 474 694 partim
490 605 607 688 laicos,
626 606 775 692 quicum
792 608 829 675 S.
850 608 891 673 P.
909 608 954 674 N.
977 605 1112 693 lgnatio
1127 608 1256 674 Romae
1275 604 1337 673 diu
1356 604 1506 684 nituerunt,
1519 618 1544 673 et

345 725 513 791 intereos
529 722 659 808 aliquot
674 744 717 791 ex
731 721 850 809 primis
865 719 1046 809 sexaginta
1060 721 1222 808 professis
1239 720 1418 790 Societatis
1437 734 1545 789 nostrae

338 853 383 907 et
398 841 488 907 duos
504 840 542 908 S.
561 836 685 926 Ignatii
706 835 945 918 cubicularios,
968 857 1009 904 ac
1031 858 1111 916 cum
1130 839 1181 904 'P.
1212 838 1318 905 Petro
1344 837 1546 921 Ribadeneyra

348 976 409 1041 per
436 954 580 1034 litteras,
608 975 688 1021 cum
717 954 820 1021 Patre
846 974 929 1020 vero
955 954 1089 1041 Joanne
1117 954 1220 1021 Petro
1253 951 1388 1020 Mafleio
1414 963 1546 1021 oretenus

348 1069 583 1157 {scriptoribus
599 1068 691 1136 uitae
706 1071 743 1139 S.
763 1068 897 1155 lgnatirl
912 1090 1071 1155 magnam
1088 1067 1433 1137 communicationem
1441 1066 1545 1133 hebue-

347 1188 424 1269 rim,
440 1187 548 1253 multa
559 1187 602 1252 ab
615 1185 656 1253 iis
668 1185 772 1253 didici
784 1186 828 1255 de
843 1186 948 1252 rebus
963 1184 1156 1266 SocietatiS,
1175 1183 1301 1270 quibus
1317 1182 1501 1271 indagandis
1512 1183 1545 1247 ab

346 1304 423 1389 ipso
439 1302 504 1370 mei
520 1301 709 1370 nouitiatus
726 1311 891 1388 tempore,
904 1299 961 1389 pia
976 1301 1123 1386 quadam
1140 1300 1351 1383 curiositate,
1364 1322 1429 1367 non
1444 1297 1546 1365 minore

343 1416 575 1506 applicatione
603 1416 713 1484 animi·
729 1440 784 1485 me
811 1410 977 1503 impendi,
1000 1438 1103 1503 quam
1130 1416 1254 1485 studiis
1276 1413 1502 1503 philosophicis
1521 1428 1547 1480 et

347 1532 562 1620 theologicis,
575 1532 708 1601 Idcirco
722 1533 829 1605 multa
837 1554 881 1599 ex
893 1530 947 1599 his
962 1554 982 1598 a
994 1555 1049 1599 me
1061 1532 1265 1615 obseruatis,
1279 1532 1405 1600 auditis
1419 1543 1450 1599 et
1460 1528 1545 1604 lectis,

351 1671 413 1735 pro
430 1648 551 1715 solatio
566 1660 602 1715 et
617 1646 846 1716 instructione
866 1659 1081 1735 posterorum
1101 1659 1295 1715 nostrorum
1316 1647 1440 1715 dictaui
1456 1645 1486 1714 in
1498 1643 1547 1711 alio

343 1765 499 1849 quodam
515 1763 643 1851 scripto
659 1765 906 1849 comprehensa
922 1766 947 1844 ’;
963 1764 1020 1830 hic
1038 1786 1121 1832 uero
1132 1763 1199 1833 alia
1214 1766 1381 1849 quaedam
1394 1750 1488 1830 totam
1499 1762 1546 1829 so

346 1878 509 1947 cietatem
525 1878 767 1948 concernentia
788 1860 943 1961 'dictabo;
967 1890 1003 1946 et
1029 1877 1156 1960 omnia,
1182 1892 1363 1967 postquam
1390 1878 1546 1950 dictauero.

351 2014 428 2063 meo
450 1995 661 2061 confirmabo
680 1994 883 2074 iuramento,
902 2005 1040 2081 propter
1054 2016 1128 2076 eoS,
1146 1994 1206 2079 qui
1227 2017 1281 2063 me
1301 2017 1370 2061 non
1392 2003 1509 2070 norunt,
1522 2004 1547 2054 et

346 2110 409 2194 qui
427 2120 503 2195 post
520 2130 629 2201 meam
645 2121 789 2178 mortem
805 2108 968 2178 Societati
990 2132 1116 2177 nornen
1132 2111 1276 2191 dabunt,
1294 2132 1339 2177 ne
1355 2111 1440 2177 ullus
1453 2106 1490 2175 sit
1500 2104 1546 2171 ali-

349 2224 410 2291 cui
427 2224 606 2291 dubitandi
623 2226 733 2299 locus.
911 2200 915 2210 ¹
1198 2310 1203 2318 .

419 2341 456 2407 ln
473 2340 604 2427 primis,
622 2339 658 2407 in
678 2339 822 2427 epistola
843 2344 884 2409 R.
905 2345 946 2410 P.
977 2340 1120 2409 Polanci
1147 2342 1229 2429 (qui,
1257 2342 1398 2410 uiuente
1418 2343 1452 2409 S.
1469 2340 1502 2406 P.
1512 2336 1545 2402 N.

353 2456 501 2543 Ignatio,
519 2478 580 2543 per
595 2467 675 2523 octo
691 2478 798 2523 annos
813 2456 889 2525 eius
905 2468 940 2526 et
952 2454 1135 2526 Societatis
1147 2470 1284 2526 nostrae
1299 2450 1547 2527 secretariusfuit

353 2592 463 2663 usque
482 2574 526 2639 ad
546 2570 621 2639 eius
640 2570 785 2653 obitum,
814 2586 849 2642 et
872 2584 992 2659 postea
1020 2572 1123 2640 trium
1147 2573 1417 2659 praepositorum
1431 2588 1547 2659 genesa-

339 2688 458 2774 'lium),
476 2688 513 2755 in
528 2686 615 2769 eius,
635 2687 787 2773 inquam,
799 2688 946 2775 epistola
961 2689 1004 2755 ad
1019 2689 1191 2774 quendam
1208 2687 1466 2756 illustrissimum
1479 2703 1547 2752 anno

353 2803 613 2889 Domini1564,
639 2805 658 2869 8
685 2802 900 2885 Decembris,
929 2805 1021 2886 data,
1044 2803 1126 2891 legi:
1159 2804 1274 2872 «Patri
1302 2819 1419 2872 nostro
1444 2798 1548 2889 Ignatio

332 2918 524 2989 'Exercitia
539 2917 727 3005 spiritualia
747 2919 790 2984 ab
810 2918 886 3005 ipso
905 2921 993 3002 De0‚
1010 2920 1086 2986 sine
1106 2921 1259 2986 humano
1279 2918 1478 3006 magisterio,
1492 2934 1548 2983 ene

344 3037 540 3103 reuelata.»
560 3035 674 3119 Quam
690 3033 934 3105 reuelationem
955 3029 1046 3102 idern
1063 3037 1105 3105 P.
1127 3035 1300 3102 Pol-ancus
1318 3036 1356 3103 in
1376 3030 1549 3123 praefatione

352 3152 396 3217 iis
413 3150 603 3233 Exercitiis,
622 3150 763 3217 uiuente
781 3154 820 3218 P.
840 3148 986 3236 lgnati0,
1004 3152 1132 3217 Romae
1148 3150 1292 3237 primurn
1310 3149 1472 3238 impressis
1481 3164 1548 3212 anno

361 3268 455 3351 1548,
474 3267 623 3353 praefixa
639 3267 665 3345 ³,
682 3268 830 3352 appellat
860 3266 1027 3352 «Spiritus
1049 3266 1159 3333 sancti
1189 3266 1417 3335 unctionems:
1434 3286 1491 3331 non
1504 3281 1549 3327 au·

351 3384 451 3461 dens,
472 3382 612 3449 uiuente
628 3369 668 3447 P.
687 3382 835 3468 ignatio,
853 3404 929 3449 eam
946 3380 1192 3469 praefationem
1212 3382 1359 3464 lecturo,
1376 3382 1424 3449 uti
1443 3374 1549 3447 nonne

358 3495 590 3565 reuelationis.

422 3614 460 3681 ln
476 3613 595 3679 eadem
612 3611 754 3697 epistola
770 3612 851 3698 legi,
870 3635 891 3678 a
907 3614 948 3679 P.
969 3613 1121 3680 Polancs
1137 3611 1277 3699 scripta,
1291 3617 1377 3682 haec
1392 3614 1486 3681 uerba
1498 3608 1550 3674 lor·

356 3726 467 3795 malla:
489 3726 614 3807 «credi,
631 3728 723 3811 quod
737 3726 892 3813 Ignatius
903 3749 946 3793 ex
956 3728 1075 3795 diuina
1092 3728 1299 3797 reuelatione
1311 3724 1550 3813 SocietatisJert

355 3864 481 3911 nomen
498 3866 518 3909 a
533 3864 571 3911 se
587 3842 730 3909 fundato
745 3841 856 3908 ordini
873 3842 1068 3915 indiderit.»

422 3960 507 4026 Item
522 3958 558 4025 in
575 3956 647 4026 uita
663 3980 767 4025 manu
783 3957 910 4045 scripta
933 3961 973 4025 P.
996 3959 1133 4045 Ignatii,
1156 3963 1200 4028 ab
1226 3963 1348 4028 eodem
1377 3964 1416 4028 P.
1432 3957 1551 4025 Pounco

343 4074 514 4141 'inchoata
531 4078 555 4155 ⁴,
570 4073 652 4161 legi,
672 4085 740 4141 tam
757 4074 825 4142 alte
842 4073 948 4142 fuisse
965 4073 1167 4175 impressum
1188 4078 1293 4145 menti
1317 4080 1357 4143 P.
1377 4069 1552 4163 Ignatiihot

363 4234 572 4245 -u—-q--n-—n

409 4321 421 4351 ²
458 4314 534 4371 Vide
548 4314 627 4371 aliud
641 4315 733 4387 ipsius
746 4314 876 4370 Lancieii
891 4324 1122 4389 monumentum,
1135 4316 1212 4389 quod
1222 4317 1356 4389 proxime
1369 4320 1422 4374 sub
1433 4334 1459 4373 n.
1470 4292 1552 4367 little·

355 4404 448 4461 cedit.
1252 4411 1264 4429 “

410 4497 422 4527 ³
459 4494 534 4550 Vide
548 4512 648 4566 supra,
661 4510 729 4566 pag.
745 4507 808 4565 511,
822 4501 925 4549 annot.
944 4507 971 4562 5.

409 4588 420 4619 ⁴
458 4585 627 4656 Aggressus
640 4582 759 4656 quidem
773 4586 919 4641 Polancus
935 4592 982 4638 est
1000 4585 1131 4640 scribere
1148 4583 1300 4657 hispanice
1318 4586 1423 4659 Ignatii
1439 4569 1552 4647 eleuet

351 4675 451 4747 capita
464 4674 575 4749 aliquot
588 4672 730 4744 exaravit;
746 4672 798 4728 sed
809 4672 919 4728 inlecto
932 4688 1033 4745 opere¹
1047 4672 1084 4729 ud
1099 4672 1280 4741 chronicon,
1294 4674 1360 4733 sive
1377 4662 1554 4733 nuntiauit
