3500 5367
421 476 476 536 628
799 476 1008 541 Mortuum
1025 476 1203 537 burrum
1269 524 1273 530 .

387 631 495 702 nostri
521 652 648 719 papae,
677 630 768 701 circa
793 633 858 721 hec
885 630 1069 719 diligenter
1094 631 1424 716 animaduertentes‚
1446 654 1513 717 que
1538 633 1601 701 visa

388 759 469 815 sunt
490 748 532 815 ad
554 746 741 834 pleniorem
765 768 870 815 cause
890 747 1122 835 cognitionem
1138 758 1342 835 opportuna,
1360 748 1598 833 inquisiuimus,

387 863 416 931 si
437 867 539 944 forte,
561 865 606 935 de
621 864 746 951 quibus
761 862 906 951 predicti
925 864 1165 950 culpabantur,
1183 885 1266 931 uera
1285 886 1362 936 esse
1376 865 1599 951 deprehende·

388 1002 515 1049 remus.

453 1094 626 1183 Quocirca
637 1078 995 1181 examinatis'primum
1010 1094 1215 1179 quibusdam
1224 1095 1484 1182 obloqutoribus
1495 1111 1600 1163 contra

383 1212 489 1299 ipsos3
506 1223 542 1280 et
557 1210 779 1293 consideratis
795 1210 919 1297 partim
935 1210 1081 1297 publicis
1096 1210 1313 1291 testimoniis,
1332 1212 1453 1298 partim
1469 1224 1583 1279 senten

387 1328 443 1395 tiis
458 1329 502 1395 de
518 1326 698 1414 Hispania,
716 1324 868 1405 Parisiis,
883 1324 1050 1405 Venetiis,
1064 1324 1241 1405 Vicencia,
1256 1327 1423 1407 Bononia,
1438 1324 1600 1418 Ferradija

386 1455 422 1512 et
437 1442 550 1524 Senis,
568 1442 686 1529 quein
703 1441 934 1529 predictorum
950 1441 1196 1509 venerabilium
1210 1442 1361 1511 uirorum
1383 1446 1427 1513 D.
1445 1442 1459 1483 ‘¹
1476 1442 1599 1529 Ignatii,

387 1571 423 1629 et
438 1558 609 1626 sociorum
626 1560 791 1639 fauorem,
809 1558 977 1626 aduersus
992 1578 1111 1625 eorum
1127 1557 1365 1627 criminatores
1384 1560 1515 1645 prolate
1536 1559 1599 1625 fue·

388 1687 465 1746 rant
479 1686 505 1758 ο;
523 1686 557 1744 et
573 1676 616 1743 ad
632 1676 698 1743 hec
714 1673 917 1743 examinatis
928 1672 1136 1759 judicialiter
1151 1673 1300 1751 nonullis
1316 1674 1474 1755 restibus,
1488 1688 1523 1745 et
1536 1697 1599 1741 nro

388 1792 483 1858 ribus
497 1802 532 1857 et
543 1789 699 1857 doctrina
715 1801 749 1857 et
761 1790 931 1877 dignitate
942 1789 1035 1856 omni
1047 1788 1249 1877 exceptione
1260 1790 1461 1876 majoribus;
1476 1792 1598 1861 tandem

387 1928 522 1975 omnem
543 1905 859 1987 murmurationem,
888 1915 923 1973 et
950 1904 1224 1992 obloquriooem,
1251 1916 1287 1972 et
1314 1928 1468 1989 rumores
1494 1919 1597 1975 contra

387 2044 448 2090 eos
463 2044 631 2108 sparssos,
650 2022 744 2089 nulla
759 2022 902 2092 veritate
918 2020 1084 2088 subnixos
1099 2017 1207 2091 fuisse
1222 2021 1461 2107 comperimus.

455 2139 688 2223 Quamobrem
707 2148 902 2205 nostrarum
921 2158 998 2206 esse
1020 2134 1168 2222 partium
1190 2136 1423 2222 judicauimus
1438 2137 1598 2225 'pronun-

388 2254 478 2325 ciare
493 2264 528 2323 et
543 2254 728 2333 declarare,
747 2253 837 2323 sicut
853 2251 1121 2339 pronunciamus
1132 2261 1168 2319 et
1183 2254 1409 2334 declaramus
1422 2254 1598 2340 predictum

389 2372 433 2437 D.
452 2368 624 2456 Ignatium
640 2379 675 2439 et
690 2367 814 2449 socios,
831 2388 874 2435 ex
891 2366 1055 2453 predictis
1071 2366 1300 2438 delationibus
1312 2366 1351 2437 ⁴et
1366 2371 1526 2450 susurris,
1541 2392 1598 2437 noo

390 2486 499 2553 solum
516 2485 643 2553 nullam
659 2482 800 2551 infamio
815 2495 944 2563 notam,
973 2482 1049 2557 siue
1064 2484 1109 2549 de
1117 2483 1198 2568 jure
1219 2483 1293 2551 siue
1308 2484 1354 2551 de
1373 2488 1477 2565 facto,
1500 2488 1597 2553 incur·

390 2601 486 2681 risse,
506 2620 624 2671 verum
640 2599 754 2687 potius
769 2601 932 2685 majorem
948 2598 1018 2669 vite
1034 2620 1074 2665 ac
1089 2597 1194 2667 etiam
1209 2611 1224 2649 ⁸
1238 2600 1396 2671 doctrine
1410 2624 1495 2669 sane
1513 2600 1594 2667 chri·
1694 2693 1695 2696 Ἴ

393 2727 497 2787 tatem
514 2715 684 2799 retulisse,
706 2737 785 2781 cum
807 2727 901 2785 certe
921 2715 1107 2783 viderimus
1126 2713 1141 2755 l
1161 2716 1378 2791 aduersarios
1396 2741 1485 2787 vana
1503 2732 1535 2787 et
1547 2738 1595 2803 po-

393 2833 461 2900 tius
476 2831 525 2899 ia
553 2830 698 2900 ueritate
725 2830 833 2899 aliena
861 2830 1041 2917 objecisse,
1060 2842 1095 2899 et
1122 2844 1255 2911 contra,
1284 2833 1506 2920 grauissimos
1522 2833 1597 2899 viror

392 2950 558 3037 optimum
574 2970 637 3037 pro
652 2948 716 3015 illis
728 2948 926 3017 exhibuisse
942 2946 1190 3018 testimonium.
1691 3029 1692 3046 χ

459 3067 561 3133 Hanc
576 3063 682 3151 igitur
698 3064 903 3132 sententiam
923 3062 945 3141 1',
968 3063 1290 3151 pronunciacionem
1311 3078 1475 3147 nostram,
1496 3077 1533 3133 ut
1546 3085 1582 3151 pu
1654 3154 1660 3163 ·

392 3180 519 3249 blicum
535 3180 584 3250 eis
600 3178 831 3248 testimonium
847 3177 892 3245 sit
908 3188 1027 3245 contra
1038 3200 1157 3247 omnes
1173 3180 1389 3249 aduersarios
1401 3182 1558 3260 veritatis,
1570 3190 1596 3247 et

392 3294 426 3363 in
442 3294 696 3365 serenationem
713 3293 879 3376 omnium,
901 3291 1099 3379 quicunque
1118 3291 1290 3362 sinistram
1312 3295 1404 3368 illam
1425 3299 1469 3365 de
1488 3296 1534 3363 eis
1551 3315 1597 3359 su·
1688 3353 1689 3370 ,

392 3410 582 3498 spicionem
610 3418 767 3497 pretextu
796 3408 915 3477 talium
941 3409 1133 3477 delatorum
1153 3420 1189 3478 et
1208 3409 1468 3479 criminatorum
1493 3429 1585 3479 conce

393 3525 518 3613 perint,
541 3524 730 3595 faciendam
758 3523 931 3591 duximus.
961 3526 1142 3595 Monentes
1167 3524 1318 3612 insuper,
1348 3538 1383 3597 et
1410 3530 1573 3595 hortantes

393 3642 430 3708 in
449 3640 612 3720 Domin0,
631 3660 671 3707 ac
691 3650 854 3726 rogantes
869 3638 1050 3707 vniuersos
1070 3649 1106 3707 et
1127 3640 1283 3726 singulos
1298 3642 1430 3725 fideles,
1454 3656 1491 3708 ut
1509 3641 1597 3707 dictos

393 3756 605 3826 venerabiles
634 3755 737 3837 uiros
768 3758 811 3821 D.
842 3754 1013 3843 Ignatium
1041 3766 1077 3823 et
1103 3756 1226 3839 socios,
1248 3758 1400 3825 habeant
1419 3770 1455 3827 et
1481 3767 1595 3826 teneant

392 3896 455 3961 pro
484 3874 627 3953 talibus,
656 3893 743 3956 quos
771 3891 835 3937 nos
862 3892 939 3938 esse
969 3869 1216 3957 comperimus,
1246 3884 1282 3941 et
1306 3873 1499 3953 catholicis,
1523 3866 1593 3937 orori

393 4012 531 4077 prorsus
562 3988 758 4075 suspicione
787 3996 961 4069 cessante3
994 3986 1043 4053 ita
1073 3997 1187 4055 tamen
1218 4000 1405 4073 quattenus
1434 3990 1470 4056 in
1497 3986 1594 4057 eodem

393 4106 464 4174 uite
479 4116 514 4174 et
530 4103 687 4172 doctrine
700 4113 830 4183 tenore,
845 4105 922 4171 Deo
937 4102 1135 4187 adjuuante,
1150 4104 1242 4193 quod
1258 4126 1449 4193 speramus,
1461 4120 1594 4193 perman·

391 4220 511 4290 serint.
542 4278 543 4283 ,

1587 3522 1596 3559 t

443 4438 457 4479 d
495 4431 687 4491 Dominorum
703 4432 836 4491 Orlond.
875 4448 924 4479 -ο
939 4426 1063 4489 'fuerunt
1078 4432 1212 4489 Orland.
1250 4432 1471 4491 «frumunto
1485 4429 1592 4491 urtam

391 4540 441 4578 -s
459 4520 932 4594 vitoeatqueorlamt.,1ttoad.
969 4524 1021 4565 -h
1039 4520 1209 4579 videremus
1224 4521 1358 4581 Orlond
1395 4526 1440 4567 -ἰ
1457 4519 1593 4595 otpertus

391 4614 535 4679 Orlund,
556 4610 665 4667 Ribnd.
703 4610 745 4663 -i
765 4610 944 4667 sententiam
962 4620 993 4667 et
1009 4611 1155 4679 Orioni„
1170 4612 1279 4669 Ribod.
1316 4616 1367 4657 —k
1385 4622 1416 4668 et
1428 4614 1593 4669 exhortantes

391 4702 524 4757 Oriund.
