3500 5367
476 483 526 538 Da
544 494 637 539 acris
656 480 688 537 S.
708 482 831 538 lustru
850 495 871 536 Α
890 441 1129 535 lessu'utlta·
1320 474 1374 533 363
1431 516 1435 524 .

167 654 244 719 que
259 633 382 720 gelidis
398 634 496 720 aquis
522 634 693 715 immerso,
723 630 835 719 capite
849 644 997 730 ‚mum
1023 633 1176 711 cumbet,
1204 628 1414 701 statillus

166 749 243 815 iam
260 750 604 837 appropinquantem:
635 770 752 837 perge,
771 749 894 835 inquit,
910 748 1026 826 miser,
1056 768 1162 835 perge
1178 748 1222 815 ad
1236 758 1320 815 ⁴tuas
1335 746 1408 816 foe·

168 858 361 933 tidissimas
372 866 579 952 uoluptates.
595 866 851 952 Impendentem
863 864 967 950 capiti
979 863 1112 930 ruinam
1125 885 1194 929 non
1209 863 1320 929 uides?
1332 863 1409 949 Ego

169 979 232 1047 hic
248 980 369 1049 tandiu
382 1003 443 1067 pro
459 992 495 1051 te
513 980 591 1071 [me]
605 980 800 1058 macerabo,
814 980 926 1048 donec
938 978 1165 1046 iustissimum
1177 978 1242 1045 Dei
1259 979 1409 1045 furorem
1422 999 1425 1005 ’

168 1094 209 1162 in
223 1106 260 1165 te
273 1108 432 1182 paratum
444 1108 611 1167 auertam.
626 1094 817 1163 Exterritus
829 1098 990 1176 hom0,et
1001 1093 1192 1161 incredibili
1202 1093 1315 1161 Patris
1326 1096 1409 1161 cba—

174 1210 283 1280 ritate
299 1212 477 1291 attonitus,
492 1211 656 1292 substitit,
671 1224 706 1281 et
719 1212 841 1298 pedem
854 1195 983 1291 retulit,
995 1224 1033 1281 et
1044 1209 1304 1278 familiaritatem
1315 1209 1408 1277 illam

173 1330 311 1396 sceiere
326 1329 522 1413 copulatam
539 1328 654 1395 statim
666 1326 802 1395 discidit
818 1338 885 1397 etc.

245 1460 299 1528 55.
350 1446 431 1511 Erat
447 1444 562 1525 Pater,
581 1455 619 1513 ut
633 1444 670 1509 in
687 1442 888 1525 necessariis
904 1443 1095 1512 tribuendis
1116 1442 1235 1511 suauis
1253 1454 1289 1510 et
1310 1442 1409 1511 beni-

58 1593 68 1607 ·
170 1580 281 1645 gnus,
297 1559 344 1625 ita
355 1561 389 1625 in
403 1559 692 1651 superua[calneis
704 1558 939 1627 rescindendis
950 1558 1083 1647 rigidus
1097 1570 1134 1628 et
1147 1580 1304 1627 seuerm.
1318 1559 1408 1625 Nam

169 1675 279 1743 etiam
308 1674 421 1755 initio,
444 1695 523 1742 cum
544 1698 599 1743 res
619 1674 800 1745 Societatis
821 1674 996 1744 tenuiores
1015 1688 1144 1757 essem,
1165 1688 1230 1743 'nec
1251 1686 1410 1761 sumptus

171 1792 316 1857 abunde
331 1812 392 1877 pro
410 1792 671 1878 aegrotantibus
694 1802 929 1879 suppeterent,
958 1790 1059 1858 iussit
1083 1794 1186 1859 Pater
1211 1791 1409 1858 obsonatori

170 1906 300 1971 domus
319 1916 354 1973 ut
374 1904 426 1972 bis
442 1906 606 1993 quotidie,
623 1918 704 1975 ante
726 1906 906 1993 prandium
925 1916 962 1973 et
984 1928 1142 1987 coenam,
1160 1908 1204 1973 ad
1220 1930 1258 1975 se
1274 1905 1409 1975 ueniret

86 2054 89 2061 ⁴
171 2031 210 2088 et
227 2022 373 2089 referret
387 2044 431 2088 an
447 2022 574 2101 omnia,
593 2042 682 2107 quae
701 2021 910 2089 infirmarius
930 2044 992 2108 pro
1009 2020 1155 2089 infirmis
1175 2021 1341 2107 petiisset,
1359 2020 1408 2088 iib'

175 2135 370 2218 tribuisset;
390 2137 418 2204 si
435 2156 518 2204 uero
536 2136 680 2226 pecuma
695 2138 843 2217 deesset,
865 2136 1070 2205 distraheret
1092 2137 1208 2205 lances
1228 2138 1405 2221 quasdam,

175 2252 268 2317 sorte
284 2252 401 2319 decem
428 2252 667 2333 duodecimue,
697 2264 870 2340 stagneas,
894 2274 982 2337 quae
1001 2276 1045 2323 ex
1066 2250 1286 2339 eleemosyna
1306 2252 1409 2320 datae

174 2366 272 2433 domi
297 2369 570 2453 reperiebantur,
599 2380 639 2434 ut
665 2368 877 2435 intirmorum
903 2368 1166 2437 necessitatibus
1192 2369 1406 2448 subueniret;

174 2484 270 2567 quod
286 2483 315 2549 si
332 2484 396 2550 illis
423 2484 635 2571 consumptis
651 2485 837 2555 necessitas
857 2486 971 2552 adbuc
986 2496 1139 2571 sugeret,
1162 2506 1269 2551 unum
1286 2507 1329 2551 ex
1343 2484 1407 2551 tri·

176 2592 243 2665 bus
259 2600 340 2667 lecti
352 2599 526 2687 stragulis,
541 2599 671 2668 scilicet
684 2599 791 2687 ipsius
804 2600 929 2681 Patris,
943 2599 1186 2686 procuratoris,
1201 2600 1235 2664 id
1247 2612 1300 2669 est
1315 2598 1409 2669 Petri

176 2714 334 2793 Codacii,
351 2729 387 2783 et
403 2716 620 2783 obsonatoris
635 2730 727 2785 sorte
741 2718 906 2785 eductum
922 2716 976 2783 vel
992 2714 1127 2803 pignori
1145 2728 1335 2803 opponeret
1352 2716 1408 2785 uel
1506 2730 1513 2742 ⁸
1569 2749 1572 2759 ·

176 2832 357 2911 uenderet3
376 2832 524 2917 denique
537 2834 635 2900 daret
650 2854 787 2919 operam
805 2846 843 2899 ut
858 2833 954 2899 nulla
968 2831 1005 2899 in
1021 2855 1058 2901 re
1071 2832 1266 2901 necessaria
1289 2833 1408 2899 morbo
1443 2860 1459 2935 Ι·
1535 2863 1546 2936 ,¹

172 2946 412 3013 laborantibus
430 2947 600 3015 deessent.
620 2950 671 3015 Ex
690 2948 837 3017 aduerso
857 2960 870 2991 ⁸
891 2970 988 3028 uero,
1010 2969 1089 3014 cum
1111 2947 1275 3017 adiisset
1297 2968 1408 3033 quen·

176 3061 255 3127 dam
274 3084 316 3131 ex
329 3062 456 3131 nostris
473 3060 612 3131 nouitiis
627 3084 757 3149 sapone
772 3086 895 3131 manus
907 3064 1025 3133 lauare
1039 3064 1192 3157 solitum,
1210 3062 1293 3131 mihi
1309 3062 1354 3131 ad
1368 3084 1407 3131 se

178 3176 347 3244 accersito
363 3180 501 3246 mandat
516 3190 555 3245 ut
566 3178 826 3267 diligentissime
839 3177 1045 3267 inuestigem
1059 3180 1151 3245 unde
1161 3178 1219 3248 ille
1231 3200 1406 3265 saponem,

177 3292 314 3377 quoties
329 3294 468 3361 lauisset
483 3304 565 3375 etc„
582 3304 619 3360 et
634 3305 672 3362 ut
688 3318 761 3363 non
776 3282 993 3383 acquiescam
1009 3296 1120 3362 donec
1130 3316 1202 3363 rem
1213 3272 1407 3380 depreben-

177 3428 251 3475 sam
267 3420 303 3475 et
314 3410 583 3497 peruestigatam
595 3411 639 3478 ad
655 3428 725 3481 see
742 3410 891 3498 uestigio
903 3411 1068 3491 deferam,
1083 3422 1123 3477 ut
1133 3412 1329 3496 mmplum
1344 3410 1409 3479 ali-

176 3525 271 3607 quod
287 3522 391 3591 huius
408 3524 456 3591 rei
471 3526 551 3592 edat
566 3524 586 3592 s.
604 3526 703 3594 Alias
723 3527 825 3595 etiam
847 3548 940 3607 cum,
957 3524 1067 3593 inscio
1087 3529 1202 3605 Patre,
1225 3526 1314 3612 pilae
1334 3528 1404 3613 pal

177 3639 305 3706 mariae
319 3640 417 3707 lusus
433 3640 467 3706 in
487 3662 587 3707 usum
602 3642 919 3710 conualescentium
939 3640 1142 3728 irrepsisset,
1164 3656 1201 3709 et
1221 3642 1406 3723 interdum,

177 3746 258 3821 cum
272 3755 516 3823 ¹deambulandi
532 3757 643 3843 gratia
669 3756 805 3825 uineam
833 3769 1000 3844 peterent,
1030 3757 1221 3838 lusitarent,
1238 3771 1273 3825 et
1294 3758 1406 3845 agita·

177 3868 274 3939 tione
289 3870 377 3957 pilae
388 3893 514 3959 corpus
529 3884 741 3955 exercerent,
761 3873 819 3939 ubi
837 3876 939 3942 Patet
955 3894 1027 3940 rem
1043 3873 1196 3955 resoluit,
1209 3872 1295 3939 mihi
1311 3894 1407 3941 com·

180 3986 273 4053 misit
284 3999 323 4053 ut
334 4009 458 4055 omnes
472 3988 570 4074 pilas,
588 4010 676 4074 quae
697 3988 834 4073 quidem
852 3988 887 4055 in
907 3988 1055 4074 collegio
1079 4000 1208 4067 essent,
1227 3988 1407 4075 undequin-

180 4122 248 4187 que
264 4102 485 4189 conquisitas,
502 4104 703 4191 colligerem
719 4116 754 4171 et
770 4104 843 4190 igni
859 4102 975 4172 statim
991 4104 1173 4173 traderem.
1190 4153 1197 4168 .

210 4264 212 4268 -
247 4219 383 4285 Addam
400 4217 484 4285 illud
499 4217 615 4300 etiam,
631 4220 727 4305 quod
743 4220 763 4285 8
780 4219 958 4287 Februarii
973 4236 1057 4303 1555
1074 4218 1239 4289 accidisse
1251 4240 1407 4306 comper-

182 4343 252 4399 tum
269 4334 450 4405 habemus.
468 4336 519 4403 Ex
535 4335 681 4422 collegio
698 4348 817 4403 nostro
833 4357 975 4402 romano
995 4347 1144 4421 quatuor
1160 4334 1368 4415 scholastici,
1388 4355 1408 4419 7

181 4448 342 4517 ecclesias
359 4448 540 4532 uisitaturi,
559 4459 771 4519 commeatus
787 4450 915 4537 aliquid
927 4472 1044 4517 secum
1061 4452 1105 4517 ad
1118 4444 1408 4519 laborem‘leuan-

182 4546 262 4631 dum
280 4586 386 4651 seque
401 4567 603 4636 reficiendos
626 4568 828 4650 attulerunt;
851 4583 905 4635 est
919 4567 1011 4635 enim
1035 4568 1136 4634 unius
1157 4569 1228 4637 fere
1248 4566 1316 4661 diei
1328 4568 1405 4648 iter;

186 4672 394 4685 —-———

234 4722 246 4750 ⁸
283 4709 326 4763 Ex
340 4709 497 4766 adversum
510 4728 580 4777 ms.;
589 4710 725 4767 Natalis:
737 4719 849 4767 contra.
889 4714 936 4755 -s
950 4712 1037 4768 aedat
1050 4730 1106 4767 ms.
