3500 5367
572 427 661 484 Acri
682 427 713 482 S.
734 428 896 483 lenimur
917 428 949 482 Ρ.
970 427 1154 484 Cousnnvro
1403 425 1438 494 87

235 577 420 662 gliandolo
435 582 500 646 che
516 581 549 646 la
564 579 738 667 pigliasse,
756 581 789 646 la
805 580 923 668 piglio.
942 580 1069 670 Nientc
1085 580 1221 649 dimeno
1234 603 1302 648 non
1318 602 1473 650 mancor-

236 716 287 758 ιιι)
304 695 558 779 murmuratori;
578 696 712 765 almeno
729 718 776 763 un
792 699 963 784 spagnolo
980 700 1045 764 che
1060 699 1094 764 lo
1110 701 1192 765 noth
1214 699 1248 764 '².

309 813 347 877 In
366 811 482 898 Parigi
498 811 528 879 si
545 821 689 880 trnuaua
704 813 762 900 gia
778 836 798 881 a
813 824 936 899 questo
948 823 1063 900 tempo
1076 815 1183 880 molto
1195 816 1284 881 malo
1296 787 1386 883 dello
1397 823 1467 880 sto·

234 948 352 1008 macc,
371 927 405 994 di
421 929 524 995 modo
538 931 603 996 che
619 928 702 1015 ogni
723 945 760 1013 15
778 929 891 1016 giomi
907 933 1044 999 haueua
1065 952 1133 996 una
1152 928 1267 1017 doglia
1288 931 1323 997 di
1343 941 1472 998 storna-

233 1065 295 1127 σο,
314 1045 381 1111 che
396 1043 445 1132 gli
461 1046 593 1113 duraua
610 1068 677 1113 una
692 1048 775 1113 hora
792 1048 936 1133 grande,
954 1057 990 1116 et
1013 1047 1062 1133 gli
1084 1048 1204 1114 faceua
1227 1046 1337 1116 uenir'
1363 1049 1395 1113 la
1418 1049 1469 1116 te-

230 1159 365 1242 bre;·et
381 1182 450 1227 una
467 1162 561 1228 uolta
576 1162 625 1249 gli
642 1163 728 1230 duro
745 1164 777 1230 la
794 1161 911 1250 doglia
927 1164 981 1229 del
998 1173 1150 1230 stomaco
1166 1163 1239 1229 160
1259 1181 1298 1246 17
1315 1166 1409 1232 hore.
1428 1165 1471 1229 Et

229 1278 398 1345 hauendo
414 1277 472 1364 gia
489 1301 508 1345 a
525 1289 647 1362 questo
664 1290 779 1366 tempo
798 1289 933 1368 passato
950 1279 973 1345 il
989 1301 1088 1346 corso
1101 1280 1190 1347 delle
1205 1279 1270 1346 arti
1287 1291 1321 1346 et
1338 1279 1471 1347 studia·

230 1403 274 1460 to
289 1393 404 1461 alcuni
419 1394 500 1460 anni
517 1394 552 1460 in
569 1395 754 1482 theologia,
770 1409 804 1464 ct
817 1399 1040 1483 guadagnato
1056 1395 1078 1462 li
1095 1395 1281 1482 compagni
1297 1398 1333 1476 ¹³,
1348 1397 1380 1462 la
1394 1419 1469 1491 rna·

228 1509 317 1576 latia
332 1511 467 1577 andaua
487 1521 622 1598 s'empre
643 1512 748 1578 molto
770 1512 895 1593 inanci,
914 1535 1017 1579 senza
1037 1526 1134 1599 poter
1156 1515 1283 1578 trouar’
1302 1513 1404 1580 alcun
1421 1513 1465 1580 ri-

231 1625 364 1709 medi0,
382 1637 608 1712 quantunque
623 1649 660 1694 se
677 1649 719 1695 ne
735 1633 939 1714 pro-uassero
955 1629 1061 1695 molti.

306 1743 360 1825 85.
409 1742 605 1812 Solamente
621 1742 644 1808 li
660 1742 782 1810 medici
798 1743 967 1813 diceuano
982 1746 1050 1813 che
1065 1767 1135 1812 non
1151 1755 1288 1814 restaua
1301 1745 1388 1811 altro
1400 1747 1468 1814 che

230 1860 257 1924 l'
278 1879 358 1926 aere
374 1857 493 1925 natiuo
508 1859 574 1928 che
591 1858 641 1946 gli
664 1870 800 1947 potesse
820 1859 977 1950 giouare.
999 1860 1243 1949 Licompagni
1265 1864 1416 1928 anchora
1435 1864 1469 1929 lo

229 1973 497 2061 consigliauano
513 1974 535 2040 il
553 1974 751 2056 medesimO,
769 1987 803 2043 et
819 1975 868 2064 gli
886 1978 1001 2045 fecero
1017 1979 1148 2064 grande
1161 1977 1336 2045 instantia.
1352 1979 1396 2044 Et
1408 1978 1466 2065 gia

229 2113 254 2156 a
269 2100 392 2176 questo
405 2101 520 2178 tempo
537 2113 643 2159 erano
660 2091 739 2158 tutti
756 2091 934 2160 deliberati
950 2093 985 2158 di
1001 2094 1115 2179 quello
1127 2095 1310 2160 haueuano
1321 2095 1365 2161 da
1381 2097 1465 2176 fare,

228 2205 322 2274 cioe:
340 2206 375 2273 di
391 2209 518 2274 andare
535 2230 555 2274 a
571 2207 717 2277 Venetia
733 2219 767 2275 et
784 2231 803 2274 a
820 2208 1036 2278 Hierusalem
1053 2222 1087 2278 et
1104 2211 1251 2296 spender
1266 2211 1299 2276 la
1317 2210 1387 2276 uita
1403 2233 1466 2277 sua

228 2322 270 2388 in
287 2324 371 2392 utile
386 2324 475 2392 delle
495 2323 619 2407 anime;
639 2337 726 2393 etse
747 2347 816 2394 non
837 2325 887 2412 gli
909 2327 1000 2394 fosse
1020 2327 1100 2394 data
1119 2325 1259 2394 licentia
1279 2326 1314 2393 di
1335 2338 1464 2395 restare

280 2523 303 2554 ¹²
340 2519 427 2576 Hunc
449 2522 544 2576 locum
563 2519 647 2576 aliter
669 2521 815 2592 expressit
837 2521 1071 2590 ΒιΒΛυΕΝΕιιιΑ,
1100 2522 1169 2576 Vita
1191 2519 1310 2593 Ignatii
1334 2521 1464 2586 Loiotae,

228 2609 285 2667 lib.
302 2609 341 2680 ΙΙ,
355 2626 419 2682 cap.
437 2623 461 2664 1:
474 2629 531 2666 ιι...
546 2612 675 2666 lauream
690 2611 888 2681 magistralem
902 2619 948 2666 est
960 2610 1085 2682 adeptus
1098 2611 1255 2682 [lgnatius]
1279 2628 1346 2665 cum
1357 2627 1463 2666 seuere

227 2697 270 2752 de
284 2698 349 2754 eius
362 2699 486 2755 scientia
500 2700 662 2772 periculum
675 2708 756 2756 esset
768 2698 891 2770 tactum,
905 2699 1020 2772 lapideo
1033 2702 1077 2769 (ut
1090 2701 1179 2771 vulgo
1190 2702 1308 2768 vocant)
1316 2700 1462 2769 examine,

225 2787 457 2860 quodomnium
475 2787 504 2844 in
522 2789 571 2844 illa
593 2787 743 2844 academia
760 2790 836 2843 solet
853 2805 920 2843 esse
938 2788 1161 2859 grauissimum.
1185 2787 1229 2856 Id,
1250 2789 1390 2860 magistro
1408 2806 1463 2844 suo

225 2885 362 2948 auctore,
376 2894 433 2932 non
448 2877 484 2932 ad
496 2877 611 2933 futilem
622 2873 851 2933 ostentationem
864 2878 1009 2948 Ignatius,
1022 2877 1074 2932 sed
1087 2876 1124 2932 ad
1138 2876 1312 2933 eruditionis
1330 2878 1462 2932 testimo-

226 2958 312 3023 nium
325 2967 389 3022 fieri
401 2967 563 3040 permisit.»
578 2970 615 3024 Et
627 2967 691 3040 ipse
709 2967 740 3022 in
760 2968 819 3021 vita
837 2965 999 3039 hispanica,
1019 2966 1070 3022 lib.
1090 2966 1127 3033 ll,
1147 2984 1212 3039 cap.
1235 2980 1259 3021 1:
1281 2964 1330 3023 ιι..’.
1350 2965 1462 3022 recibid

225 3059 256 3111 el
269 3056 362 3128 grado
373 3055 411 3112 de
425 3065 551 3112 maestro
564 3075 602 3112 en
615 3065 703 3127 artes,
719 3056 848 3129 pasando
862 3073 914 3128 por
927 3058 953 3111 el
968 3073 1093 3112 examen
1111 3074 1169 3128 quc
1186 3058 1236 3111 alli
1254 3058 1360 3112 llaman
1378 3055 1415 3111 de
1434 3059 1461 3111 la

225 3145 345 3216 Piedra‚
363 3164 421 3220 que
440 3164 472 3202 es
489 3146 527 3202 de
546 3149 589 3202 los
612 3150 674 3202 mds
693 3147 843 3217 rigurosos
859 3163 923 3218 que
946 3162 982 3200 en
1005 3147 1119 3218 aquella
1142 3145 1331 3201 universidad
1353 3163 1386 3201 se
1408 3147 1456 3200 ha·

223 3253 311 3301 ceno,
326 3244 383 3292 etc.
400 3237 593 3307 QuicHuRAT
606 3253 676 3291 vero
686 3237 822 3291 Histoire
835 3237 872 3290 cte
885 3235 1104 3291 sainte-Barba
1119 3234 1249 3308 Collige,
1263 3253 1459 3290 communem·

223 3327 265 3390 te,
277 3325 462 3390 institution,
474 3332 495 3380 t.
507 3327 528 3394 I,
541 3341 623 3398 page.
638 3326 699 3396 196,
712 3338 773 3396 197,
784 3325 834 3398 qui
845 3333 910 3379 acta
922 3325 1109 3379 consalviana
1120 3341 1189 3396 prae
1200 3325 1335 3379 manibus
1345 3325 1457 3394 habuit,

223 3431 319 3485 agens
333 3413 370 3470 de
388 3415 496 3486 Ignatii
516 3415 695 3487 magisterio,
714 3413 765 3470 ait:
786 3413 891 3470 uCette
910 3418 1039 3486 epreuve
1057 3414 1207 3485 [examen]
1225 3413 1297 3469 etait
1314 3413 1459 3486 precedee

222 3503 297 3560 d'un
311 3505 478 3560 ceremonie
491 3507 582 3578 qu'on
595 3504 723 3578 appelait
737 3506 781 3560 «la
794 3504 872 3576 prise
886 3503 923 3558 de
937 3505 965 3558 la
978 3500 1102 3575 pierre».
1122 3503 1204 3558 Nous
1221 3520 1313 3558 avons
1330 3504 1456 3559 chorche

223 3594 396 3650 vainement
414 3611 451 3650 en
468 3595 538 3668 quoi
556 3597 621 3650 cela
636 3593 800 3650 consistait.
819 3593 932 3649 C'etait
952 3610 1020 3648 sans
1038 3592 1127 3648 doute
1146 3594 1273 3665 quelque
1286 3593 1457 3648 divertisse·

221 3693 306 3740 ment
318 3689 394 3758 paye
408 3703 460 3758 par
470 3687 496 3741 le
509 3684 647 3741 candidat
660 3685 677 3740 a
690 3703 737 3740 ses
750 3684 958 3756 condisciples.
971 3683 1015 3738 Ce
1028 3683 1100 3755 qu'il
1114 3701 1134 3756 y
1147 3701 1164 3737 a
1181 3683 1219 3739 de
1239 3683 1362 3753 certain,
1381 3685 1457 3738 c'est

220 3790 280 3847 que
294 3791 368 3848 pour
381 3774 505 3847 prendre
523 3775 551 3830 la
568 3775 663 3846 pierre
687 3775 706 3830 il
726 3791 763 3829 en
780 3773 892 3830 codtait
909 3791 949 3828 un
967 3777 1022 3827 eeu
1036 3772 1109 3842 d’or,
1133 3782 1162 3827 et
1180 3773 1342 3844 qu’lgnace
1360 3772 1456 3828 hesita

221 3869 391 3937 longtemps
403 3873 492 3920 avant
505 3864 543 3920 de
556 3867 603 3938 s'y
616 3864 744 3920 decider.
761 3865 784 3919 11
801 3863 835 3919 fit
847 3870 913 3936 part
929 3862 967 3917 de
985 3879 1033 3916 ses
1052 3864 1205 3934 scrupules
1223 3863 1239 3916 a
1258 3861 1361 3918 maitre
1377 3864 1455 3940 ‘Jean

220 3957 331 4026 Penne,
347 3954 397 4028 qui
410 3954 595 4027 le'persnada
607 3953 645 4009 de
658 3971 690 4010 se
703 3953 869 4010 conformer
882 3953 898 4006 a
912 3952 1037 4022 l'usage.
1052 3953 1076 4006 ll
1090 3952 1147 4023 prit
1164 3951 1239 4006 donc
1256 3953 1284 4006 la
1303 3951 1407 4024 pierre,
1423 3960 1453 4007 et

220 4063 259 4100 en
271 4043 317 4100 fut
330 4045 426 4100 bldme
441 4063 492 4118 par
505 4061 580 4100 ceux
600 4044 672 4099 dont
690 4045 733 4100 les
750 4060 829 4116 yeux
848 4043 960 4098 etaient
977 4041 1241 4096 continuellement
1258 4042 1385 4113 braques
1404 4058 1454 4096 sur

219 4151 252 4189 sa
264 4132 415 4190 conduite.
431 4133 659 4189 Probablement
672 4133 692 4188 il
706 4133 799 4187 aurait
813 4134 861 4187 ete
876 4131 972 4186 blame
986 4130 1023 4184 de
1037 4129 1132 4185 meme
1145 4129 1192 4184 s'il
1211 4147 1244 4184 se
1261 4129 1306 4185 fta
1324 4127 1422 4184 refuse
1436 4131 1452 4184 a

218 4221 293 4278 faire
306 4235 421 4278 comme
432 4223 475 4278 les
488 4230 618 4278 autres.»
1397 4279 1400 4284 ,

266 4313 288 4346 ¹³
326 4314 384 4367 Eos
406 4310 543 4370 nimirum
566 4314 696 4368 lucratus
718 4310 848 4382 Ignatius
865 4317 922 4378 est,
940 4308 990 4382 qui
1012 4308 1098 4381 primi
1121 4307 1270 4364 nascentis
1294 4307 1452 4362 Societatis

218 4403 291 4473 Jesu
301 4400 418 4458 sodales
428 4401 618 4469 exstiterunt,
628 4409 765 4474 suntque:
778 4400 884 4456 Petrus
895 4400 1000 4470 Faber,
1012 4399 1185 4454 Franciseus
1196 4397 1351 4468 XaveriuS,
1366 4399 1451 4468 Jaco-

218 4493 274 4546 bus
287 4490 420 4562 Lamina,
436 4491 605 4563 Alphonsus
624 4491 787 4554 Salmeron‚
808 4489 949 4544 Nicolaus
963 4487 1126 4558 Bobadilla,
1146 4485 1248 4542 Simon
1265 4485 1449 4555 Rodericius3

216 4580 325 4652 quibus
339 4579 446 4636 deinde
460 4580 656 4636 adhaeserunt
670 4577 811 4636 Claudius
825 4576 921 4650 JajuS,
935 4579 1065 4649 Joannes
1078 4576 1225 4633 Codurius
1236 4584 1266 4631 et
1278 4574 1451 4631 Paschasius

217 4669 355 4726 Brodtus.
