3500 5367
386 500 571 553 Drcrarnnn
590 496 622 553 S.
642 496 766 552 lustru
784 508 806 551 Α
825 496 858 550 Ρ.
879 496 1035 553 Lancrcro
1054 508 1221 553 coatscra
1332 496 1387 567 489

178 663 326 719 sanctus
343 652 446 719 Pater
461 650 597 738 propria
612 670 718 716 manu
745 648 974 736 adscripscrat
986 647 1071 737 ipsis
1083 648 1213 737 regulis
1225 649 1420 716 communi·

180 768 251 833 bus
268 768 405 835 domus.

250 871 404 969 Quando
413 880 544 969 janitor
559 880 630 947 ibat
645 882 690 948 ad
704 880 914 949 audiendum
927 900 1065 947 sacrum
1082 880 1137 947 uel
1152 881 1418 962 comedendum,
1509 966 1514 977 Ι

177 998 366 1067 iubebatur
382 996 536 1065 minister
551 1018 613 1083 per
629 997 785 1083 regulam
801 1017 871 1063 non
887 994 1046 1081 quemuis
1057 994 1269 1065 substituere
1280 996 1324 1062 ad
1337 1018 1418 1083 por-

177 1124 268 1195 tam,
285 1114 347 1181 sed
363 1112 422 1199 qui
438 1112 505 1181 iam
521 1122 612 1181 esset
628 1111 800 1200 practicus
815 1122 851 1179 et
866 1110 969 1178 cultis
984 1110 1152 1193 moribus,
1167 1111 1219 1179 uti
1239 1123 1313 1179 erat
1324 1112 1419 1198 jani·

181 1243 250 1297 tor:
270 1230 363 1315 quod
379 1229 408 1296 si
424 1230 540 1296 nullus
553 1240 636 1295 tunc
653 1227 730 1294 talis
745 1229 894 1311 adesset,
912 1226 985 1314 ipse
1001 1226 1157 1297 minister
1172 1228 1229 1297 uel
1249 1227 1419 1295 submini-

179 1355 256 1413 ster
273 1346 393 1412 obibat
408 1364 469 1432 pro
486 1364 528 1413 eo
544 1342 694 1411 officium
706 1342 876 1429 janitoris.
1123 1324 1126 1329 ’

252 1464 321 1529 Pro
336 1458 391 1541 iis,
409 1460 468 1545 qui
484 1462 670 1526 manebant
681 1458 716 1525 in
735 1472 804 1530 ΗΜ
819 1458 1034 1546 probatione,
1050 1468 1149 1529 erant
1170 1481 1191 1525 a
1210 1469 1331 1527 sancto
1348 1462 1418 1529 Pa·

178 1588 235 1643 tre
252 1578 355 1645 datae
371 1575 566 1662 singulares
582 1576 723 1663 regulae
741 1589 759 1659 5
776 1588 804 1645 ¹³.
892 1545 904 1577 ⁸

248 1691 406 1760 Vestitus
417 1702 613 1758 nostrorum
626 1702 699 1759 erat
712 1689 1068 1757 huiusmodi-Omnes
1078 1700 1274 1758 nostrorum
1286 1702 1415 1775 uestes

176 1807 293 1875 oculis
312 1806 472 1875 omnibus
496 1806 683 1894 expositae,
701 1817 799 1874 erant
823 1826 843 1872 e
866 1826 980 1892 panno
1003 1806 1103 1893 plane
1126 1805 1242 1894 nigro.
1272 1807 1417 1877 Materia

176 1925 285 2010 panni
300 1933 334 1990 et
348 1922 497 1991 uestium
513 1933 588 1990 erat
599 1922 711 1990 media
723 1922 813 1990 inter
823 1922 993 2008 pretiosos
1004 1943 1137 2009 pannos
1154 1923 1217 2011 (uti
1228 1934 1281 1990 est
1298 1923 1416 2009 hispa-

177 2038 294 2123 nicus,
322 2050 358 2107 et
385 2038 486 2123 rasia,
509 2050 548 2105 ut
576 2050 719 2122 uocant,
744 2037 936 2125 florentina)
952 2048 988 2107 et
1014 2038 1105 2105 inter
1127 2038 1244 2120 uilem,
1269 2039 1415 2107 uilosum

177 2146 284 2222 ualde
300 2164 336 2224 et
356 2155 456 2222 nimis
473 2176 639 2223 crassum.
664 2156 811 2223 Nolebat
831 2153 923 2221 enim
944 2164 1085 2222 sanctus
1103 2158 1207 2223 Pater
1227 2176 1291 2221 nos
1308 2154 1416 2222 instar

174 2270 402 2338 eremitarum
423 2292 539 2339 crasso
560 2282 594 2341 et
614 2270 675 2337 uili
696 2269 839 2337 nimium
860 2292 976 2357 panno
992 2270 1054 2353 uti,
1075 2291 1139 2341 nec
1164 2281 1232 2337 tarn
1249 2271 1413 2359 pretioso,

173 2386 271 2473 quali
288 2386 431 2473 praelati
446 2398 481 2455 et
496 2387 612 2455 clerici
627 2387 767 2454 ditiores
785 2398 941 2470 utuntur,
959 2389 1020 2455 sed
1037 2387 1151 2456 medio
1171 2387 1261 2456 inter
1278 2399 1414 2455 utrum-

174 2524 262 2589 que,
279 2502 417 2572 decenti
433 2514 547 2572 tamen
564 2514 599 2573 et
615 2503 763 2571 clericali
779 2502 883 2570 statui
900 2502 1133 2571 conuenienti.
1157 2506 1186 2570 E
1207 2504 1308 2571 simili
1326 2525 1413 2591 quo-

173 2641 248 2705 que
263 2618 407 2687 materia
423 2630 520 2688 erant
536 2617 672 2687 indusia
687 2628 894 2686 nostrorum.
911 2620 979 2685 Pro
994 2618 1114 2686 biretis
1130 2631 1243 2687 tamen
1263 2620 1413 2705 quadra-

175 2734 222 2802 tis
236 2734 398 2802 subtilior
413 2746 447 2804 et
465 2735 583 2803 melior
600 2734 827 2805 adhibebatur
843 2755 992 2821 pannus,
1018 2732 1069 2801 uti
1084 2747 1226 2821 apparet
1242 2757 1284 2802 ex
1304 2734 1414 2803 bireto

173 2851 291 2919 sancti
320 2850 451 2933 Patris,
484 2846 544 2937 'qui
572 2850 608 2917 in
624 2911 625 2914 ,
641 2850 790 2919 sacrario
821 2850 958 2937 collegii
989 2851 1176 2938 augustani
1202 2862 1411 2919 asseruatur.

174 2968 307 3035 Forma
327 2966 477 3035 uestium
504 2978 579 3034 erat
607 2966 695 3033 talis:
727 2966 828 3053 pallia
856 2984 953 3035 more
967 2966 1158 3053 hispanico,
1188 2988 1276 3052 quae
1299 2967 1414 3034 adhue

174 3082 301 3169 uigent
316 3082 444 3168 ubique
461 3082 496 3150 in
510 3082 698 3163 Societate,
716 3084 842 3151 collare
864 3084 1039 3151 habebant
1060 3093 1213 3153 erectum
1235 3093 1305 3158 tres
1326 3104 1413 3168 qua-

173 3211 303 3267 tuorue
322 3198 452 3285 digitos
478 3200 598 3280 altum;
620 3197 859 3267 sacerdotibus
880 3199 1052 3266 dabantur
1067 3209 1230 3285 protensa
1250 3198 1294 3267 ad
1311 3198 1411 3281 talos

169 3326 207 3381 et
216 3316 291 3382 fere
302 3315 436 3381 calceos
448 3312 541 3402 ipsos
553 3315 783 3403 attingebant3
796 3315 1014 3384 coadiutores
1026 3315 1128 3403 pallia
1138 3314 1298 3383 breuiora
1313 3326 1412 3382 ueste

171 3432 368 3517 portabant.
385 3429 500 3498 Vestis
513 3450 574 3497 seu
586 3441 730 3499 sotanna
740 3442 896 3501 erectum
909 3430 1031 3498 habuit
1043 3431 1172 3497 collare
1183 3428 1299 3497 fibulis
1312 3431 1410 3497 clau-

169 3566 264 3626 sum,
283 3566 352 3632 quo
369 3554 478 3613 totum
496 3546 623 3613 collum
641 3547 835 3633 tegebatur.
854 3545 972 3617 Vestis
987 3548 1053 3613 sub
1073 3546 1162 3613 collo
1178 3545 1260 3613 solis
1280 3546 1408 3626 fibulis,

170 3685 191 3731 e
208 3662 269 3728 filo
285 3662 396 3729 ferreo
412 3661 513 3750 nigro
526 3663 638 3745 factis,
656 3660 730 3731 sine
747 3662 887 3733 sericeis
903 3662 1047 3749 aliisque
1067 3660 1218 3750 globulis
1239 3662 1410 3748 iungeba-
1445 3713 1448 3720 .

169 3789 242 3858 tur,
259 3788 295 3844 et
310 3790 427 3865 aperta
443 3790 517 3847 erat
534 3790 606 3847 tota
622 3801 732 3866 vsque
748 3780 791 3846 ad
807 3776 909 3860 'talos
924 3801 992 3847 non
1010 3778 1215 3865 semiaperta
1228 3780 1271 3845 ad
1284 3778 1410 3864 cingu-

168 3894 258 3976 lum,
276 3893 328 3959 uti
344 3915 438 3962 nunc
451 3894 555 3961 moris
571 3908 623 3963 est
639 3895 674 3961 in
692 3895 871 3981 Hispania,
890 3905 926 3963 et
941 3894 1034 3982 apud
1051 3896 1174 3963 Patres
1187 3892 1361 3961 theatinos
1374 3891 1410 3959 in

171 4008 283 4075 ltalia.
302 4009 437 4079 Collare
454 4010 580 4079 indusii
596 4032 666 4078 non
683 4010 898 4098 prominebat
909 4011 1000 4078 ultra
1011 4011 1139 4078 collare
1151 4009 1270 4089 vestis,
1284 4020 1318 4075 et
1337 4010 1410 4075 fere

169 4106 315 4194 breuius
330 4138 416 4209 erat,
433 4147 498 4193 nec
514 4126 762 4196 extremitatem
779 4126 886 4193 vestis
902 4125 965 4213 (uti
980 4126 1075 4213 apud
1090 4126 1283 4194 saeculares
1303 4123 1407 4191 cleri·

167 4261 235 4307 cos
250 4240 286 4305 in
314 4261 379 4308 usu
405 4243 468 4326 est)
498 4244 650 4329 tegebat.
682 4241 837 4309 Manicae
865 4241 974 4311 uestis
999 4252 1098 4309 erant
1117 4241 1167 4309 ita
1186 4241 1338 4322 strictae,
1362 4262 1407 4309 ne

167 4355 295 4435 subuel
300 4356 367 4443 ulla
382 4356 521 4425 inferior
538 4368 653 4444 posset
669 4356 791 4429 uideri.
810 4357 1001 4444 Cingulum
1016 4368 1090 4424 erat
1107 4358 1164 4426 uel
1186 4355 1326 4443 epanni
1343 4377 1406 4423 ex·

169 4470 402 4541 tremitatibus
423 4472 596 4555 abscissis,
628 4474 682 4541 uel
699 4473 777 4540 lana
793 4473 961 4543 crassiore
980 4473 1082 4561 nigra
1109 4483 1254 4553 textum,
1273 4493 1313 4539 ac
1338 4493 1409 4539 non

227 4736 243 4776 r
278 4722 346 4778 Non
356 4724 439 4780 clare
451 4726 632 4797 apparatae
643 4724 940 4797 legendumsit4vcl
950 4737 981 4794 5.
