3500 5367
428 439 483 495 362
811 440 1018 497 Monuusnra
1038 442 1216 499 lausonna

392 592 483 661 enirn
498 590 657 660 Gandiae
674 595 718 659 D.
738 591 943 659 Franciscus
954 593 1093 679 Borgia,
1108 614 1187 659 cum
1200 604 1344 661 mortem
1356 592 1459 661 Fabri
1471 593 1605 677 accepis·

383 718 457 788 ¹set,
476 708 519 774 ad
535 710 673 777 Patrem
691 708 864 795 Ignatium
881 708 996 775 statim
1009 708 1157 796 scripsit,
1171 721 1212 777 ot
1225 711 1360 777 nullum
1372 709 1477 778 alium
1494 708 1527 775 in
1541 729 1604 795 pro

395 824 563 891 fessorum
592 844 773 893 numerum
785 834 981 911 cooptaret,
999 836 1181 909 antequam
1197 824 1273 912 ipse
1283 824 1319 891 in
1332 824 1445 893 Patris
1458 825 1556 891 Fabri
1566 825 1606 889 lo

394 960 471 1005 curn
485 938 659 1021 subiisset3
668 961 705 1006 se
717 938 809 1008 enirn
821 940 983 1009 statuisse
992 940 1151 1007 nuntium
1163 940 1473 1009 mundoremittere
1483 938 1605 1007 etChri·

394 1064 485 1121 stum
506 1056 636 1120 nudum
661 1054 792 1123 nudum
807 1054 844 1120 in
860 1052 1033 1124 Societate
1047 1056 1147 1140 sequi
1167 1058 1203 1122 ¹⁸.
1221 1060 1400 1142 Quantum
1413 1077 1497 1144 uero
1512 1055 1607 1121 incre·

394 1170 500 1239 menti
515 1169 662 1255 insignis
677 1169 859 1237 sanctitate
868 1170 983 1256 magis
998 1192 1101 1255 quarn
1118 1171 1297 1250 nobilitate
1307 1171 1411 1273 ipsius
1427 1170 1492 1238 uiri
1508 1190 1606 1239 exen-

396 1286 452 1371 plo
467 1298 503 1353 et
514 1306 597 1353 cura
613 1308 668 1354 res
688 1285 869 1356 Societatis
890 1287 1097 1373 acceperint,
1123 1287 1200 1373 quis
1215 1300 1269 1356 est
1292 1287 1350 1373 qui
1377 1287 1530 1374 ignoret?
1543 1304 1607 1350 cun

397 1414 446 1469 tot
459 1400 610 1489 collegia
633 1402 709 1469 eius
741 1375 844 1487 operi
873 1402 1031 1469 instituta
1060 1414 1095 1469 et
1127 1404 1282 1483 fundata,
1316 1413 1368 1469 tot
1398 1402 1608 1489 emollescan-

396 1531 448 1587 tes
462 1530 477 1558 ²
493 1516 616 1585 eximia
631 1517 759 1597 indole,
784 1527 834 1583 tot
855 1538 956 1589 sones
979 1529 1114 1584 matura
1129 1518 1314 1605 grauitate,
1331 1530 1384 1585 tot
1405 1516 1524 1604 uiro[s]
1540 1514 1607 1582 buel

395 1634 549 1701 doctrina
567 1632 816 1701 uelnobilitate
832 1632 1038 1699 clarissimos
1053 1644 1078 1715 ⁰,
1096 1634 1172 1702 eius
1191 1636 1348 1720 exemplo
1368 1646 1565 1709 commotos,
1579 1630 1606 1695 in

396 1748 570 1817 Societatc
584 1749 776 1815 uideamus?
794 1747 912 1815 ‘le-R.
973 1810 977 1818 .

464 1881 517 1948 54.
567 1866 702 1931 Addam
716 1864 811 1946 illud,
829 1866 922 1950 quod
938 1866 1096 1934 Lutetiae
1111 1866 1319 1934 Parisiorum
1341 1863 1509 1933 accidisse
1522 1862 1606 1929 intel-

397 1980 476 2047 lexi.
495 1980 576 2045 Erat
591 1979 625 2044 in
642 2000 683 2047 ea
696 1979 836 2049 ciuitate
852 1980 917 2061 uir,
941 1980 1072 2048 nefario
1087 2002 1167 2047 cum
1184 1980 1305 2067 pellice
1320 2002 1438 2048 amore
1453 1976 1606 2064 congluti

397 2104 509 2175 natue,
527 2080 548 2160 'a
563 2115 728 2181 quocum
753 2097 856 2164 Pater
883 2095 1059 2163 hominem
1085 2092 1198 2181 neque
1213 2095 1388 2182 precibus,
1413 2112 1605 2180 neqneoon·

395 2208 491 2291 siliis,
509 2230 621 2296 neque
638 2209 737 2276 minis
753 2210 911 2279 coelestis
925 2211 1043 2278 iudicii
1060 2222 1177 2298 posset
1191 2211 1369 2293 diuellere,
1388 2212 1537 2295 quodam
1550 2206 1605 2285 die,

398 2326 457 2391 ubi
472 2326 611 2394 resciuit
627 2325 722 2392 rllum
739 2338 836 2394 extra
852 2329 1015 2414 oppidum
1031 2326 1172 2408 iturum,
1190 2326 1227 2393 in
1240 2328 1354 2395 lacurn
1367 2324 1606 2413 frigidissimum

400 2440 488 2521 uiae,
517 2462 585 2525 qua
601 2440 808 2511 nansituros
826 2452 914 2525 erat,
931 2442 1161 2522 adiacentem,
1183 2464 1261 2511 sese
1275 2440 1443 2523 coniecit,
1468 2458 1607 2525 corpore·

413 2548 611 2559 -ι--ιε-

440 2564 465 2657 i
483 2582 567 2639 Haec
579 2600 635 2639 vox
648 2602 683 2639 ex
696 2588 799 2655 porte,
812 2586 921 2640 charta
932 2588 1120 2656 consumpto,
1138 2584 1275 2649 moni,
1291 2587 1321 2639 at
1336 2602 1357 2639 a
1378 2582 1490 2639 Natali
1498 2581 1608 2636 radim·

395 2676 491 2745 grata
504 2677 556 2727 est.
604 2674 653 2717 -b
672 2674 756 2729 Idem
772 2674 911 2747 intellige
923 2690 959 2729 ac
977 2676 1010 2729 in
1025 2675 1165 2746 praeced.
1184 2677 1266 2729 noto.
1315 2686 1364 2715 -0
1380 2672 1478 2731 claros
1494 2668 1606 2727 Natali·

396 2762 447 2805 -d
465 2761 597 2833 Seorsum
606 2764 826 2837 paragraphus
835 2767 878 2827 est
887 2762 1081 2829 remediatus,
1091 2766 1119 2819 et
1127 2763 1171 2818 ad
1178 2762 1266 2818 itlius
1270 2760 1367 2833 finam
1379 2762 1454 2817 hacc
1461 2757 1573 2831 scripsit
1582 2756 1606 2809 it

397 2850 539 2923 margine
553 2851 767 2915 Ribodenciro,
780 2855 808 2906 et
816 2852 935 2923 partim
947 2852 1067 2907 sublato
1079 2851 1214 2906 restituit
1226 2849 1361 2906 Natalis:
1374 2850 1422 2905 De
1434 2848 1560 2923 Baptista
1571 2844 1606 2898 R'r

397 2941 468 2993 bera
476 2940 506 2994 lo
519 2956 536 2993 e
549 2938 652 2994 sabido
666 2938 791 3013 [Natalis
805 2940 970 3011 ‹rscobidon]
983 2942 1011 2995 el
1024 2942 1092 3012 qual
1109 2940 1237 3011 [Natalis
1250 2938 1347 3011 setun]
1358 2938 1427 2994 dice
1441 2928 1607 3011 qael’enlts

399 3030 427 3081 lo
440 3024 559 3083 euentu.
1321 3063 1325 3071 ‚

434 3152 456 3184 '⁸⁸
494 3153 554 3207 Ista
568 3154 725 3207 verborum
738 3153 971 3225 comprehensio:
985 3153 1063 3208 «dux
1075 3154 1155 3208 enim
1166 3149 1333 3209 Gandiac...
1353 3164 1422 3207 cum
1435 3160 1555 3207 mortem
1568 3146 1607 3199 Fe

398 3240 443 3295 bri
457 3240 631 3313 accepisset,
647 3240 684 3297 ad
697 3242 815 3299 Patrem
829 3242 976 3314 ignauum
987 3242 1087 3299 statim
1101 3241 1218 3313 scripsit
1236 3249 1269 3297 ut
1285 3240 1398 3295 nullum
1414 3238 1507 3294 alium
1519 3237 1546 3294 io
1556 3249 1606 3305 pro

397 3328 541 3385 fessorum
556 3346 707 3385 numerum
721 3340 884 3402 cooptaret‚
897 3339 1057 3405 autequam
1071 3321 1135 3402 ipse
1148 3330 1178 3385 in
1191 3327 1287 3384 Patris
1303 3328 1393 3383 Fabri
1406 3328 1505 3382 locum
1520 3320 1608 3379 subiis·

397 3426 471 3489 set»,
486 3426 556 3489 etc.,
570 3436 628 3474 non
641 3420 714 3476 satis
727 3429 864 3475 accurate
876 3418 935 3475 dici
947 3419 1075 3475 videtur.
1089 3419 1151 3474 Nos
1161 3406 1281 3491 quidem
1290 3416 1416 3487 Borgiae
1429 3416 1549 3482 litteras,
1558 3407 1607 3482 qui·

398 3508 454 3561 bus
470 3508 652 3579 propositum
675 3510 839 3563 testabatur
861 3526 963 3574 soum,
986 3508 1065 3564 haud
1086 3508 1225 3563 vidimus:
1248 3504 1323 3562 illud
1343 3522 1416 3559 vero
1439 3522 1478 3560 ex
1503 3502 1609 3557 roano

398 3594 517 3666 scimus,
532 3613 620 3669 quem
633 3594 812 3654 Orlandinus
825 3597 970 3670 sequitur,
985 3598 1121 3668 Borgiam
1139 3607 1209 3651 ante
1222 3594 1310 3651 Fabri
1322 3594 1438 3650 obitum
1451 3597 1479 3663 (ι
1500 3583 1608 3660 Augutfi

400 3684 480 3753 1546)
492 3700 525 3739 se
539 3684 635 3756 ipsum
648 3684 790 3741 Societsti
806 3685 917 3740 dedere
939 3686 1000 3757 jam
1022 3686 1100 3741 serio
1120 3685 1280 3756 cogitasse3
1299 3682 1374 3756 quin
1387 3683 1480 3739 imaro
1494 3676 1608 3738 cunFs·

399 3776 462 3840 ber,
485 3790 522 3827 ex
544 3773 686 3845 Hispania
699 3773 855 3829 discedens
877 3774 1002 3829 Romam
1027 3792 1142 3843 versus,
1156 3772 1303 3830 Gandiam
1325 3771 1424 3844 alisii
1442 3770 1513 3841 «546
1530 3766 1609 3821 dim·

399 3863 485 3918 tisset
497 3860 598 3933 ibique
611 3862 702 3917 «duos
719 3861 873 3918 dumtaxat
886 3862 1019 3933 integros
1030 3862 1112 3918 dies»
1125 3861 1361 3934 consumpsisset
1371 3860 1499 3930 (earm
1512 3876 1531 3929 y
1544 3860 1608 3909 W

398 3954 520 4007 escritos
532 3952 581 4006 del
594 3953 632 4005 Β.
648 3952 684 4006 P.
705 3952 804 4007 Pedio
824 3952 933 4017 Fatro,
957 3965 979 4010 t.
1002 3953 1026 4021 1,
1050 3970 1117 4024 pag.
1136 3952 1212 4023 319);
1234 3970 1298 4007 rem
1317 3969 1387 4007 com
1408 3951 1473 4023 ipso
1493 3941 1607 4006 sonui,

397 4049 484 4114 atque
498 4056 569 4095 suae
584 4040 690 4096 mentis
702 4042 857 4097 consilium
877 4042 1011 4113 ‹rlgnatio
1027 4059 1080 4115 per
1093 4044 1256 4097 fabrum...
1269 4038 1452 4111 significauit
1464 4038 1526 4111 ipse
1537 4034 1608 4090 sila·

396 4128 449 4199 tio,
463 4118 642 4199 Societatem
656 4148 688 4186 se
711 4132 859 4202 pollicitus
881 4131 1032 4203 initurum,
1047 4148 1115 4187 curn
1128 4130 1254 4203 primum
1266 4130 1404 4200 grauiora
1419 4127 1558 4202 quaedam
1568 4136 1607 4177 ex·

396 4218 536 4291 plicasset
553 4218 583 4273 in
604 4236 658 4274 sua
678 4217 790 4275 ditione
812 4220 960 4289 negotia».
984 4218 1210 4287 Oritanorum,
1231 4219 1284 4290 Vl,
1305 4218 1352 4287 763
1374 4216 1423 4275 Cf.
1445 4216 1606 4276 Possum,

397 4304 521 4372 crona,
536 4308 557 4371 Ι,
577 4306 640 4375 187.
657 4308 752 4363 Faber
763 4318 874 4379 sutem,
887 4318 1029 4382 quartana
1042 4308 1212 4381 impeditus.
1228 4310 1392 4363 Barcinone
1409 4306 1607 4378 navigensem

330 4470 332 4475 ,
395 4395 621 4468 procrastinavit
632 4396 772 4469 usquead
783 4414 914 4452 mensem
926 4398 1037 4469 Juliorn
1049 4396 1065 4470 (
1064 4398 1170 4453 Sancti
1181 4396 1334 4471 Ignatii...
1345 4393 1537 4467 Epistulam,
1546 4390 1606 4458 solit

394 4500 462 4540 cum
473 4484 533 4555 jam
546 4485 658 4541 interea
672 4486 788 4557 Borgis,
804 4488 931 4557 peractis
942 4490 1000 4547 sub
1011 4486 1130 4545 Oviedo
1144 4486 1285 4557 magistro
1297 4484 1501 4557 spiritualibus
1512 4476 1606 4537 exerci-

396 4572 457 4643 tiis,
480 4583 581 4629 votum
603 4574 788 4643 ingrediendi
807 4574 988 4631 Societatem
1009 4575 1240 4646 nuncupavisset
1261 4586 1278 4629 2
1302 4574 1384 4645 Joaii
1406 4572 1537 4645 eiusdem
1552 4562 1606 4621 ¹⁰¹5

399 4662 478 4733 1546.
494 4664 645 4735 Asrnnrn,
662 4664 815 4729 Historia,
827 4674 848 4720 t.
865 4665 888 4736 l,
903 4665 956 4721 lib.
976 4666 1013 4737 11,
1027 4683 1092 4738 cap.
1105 4666 1135 4736 6,
1148 4682 1177 4722 n.
1193 4678 1221 4735 5.
