3500 5367
438 435 626 492 Paocassus
645 444 856 491 matrimus
875 442 1004 489 onum
1023 433 1180 509 lonarruu
1209 441 1222 467 ’
1333 443 1385 506 591

183 588 322 655 dinibus
337 587 577 668 emullaribus,
597 596 634 654 ut
650 584 714 673 ipsi
726 584 863 671 judiees
877 571 1062 657 seculiares
1081 586 1232 655 habeant
1248 585 1424 673 corrigere

182 716 221 772 et
238 703 371 791 punire,
391 702 598 789 distringere
614 711 649 771 et
664 700 849 785 inquirere,
866 722 971 787 super
983 700 1185 769 excessibus
1200 699 1332 772 talliam
1347 702 1423 775 del·

181 819 428 906 linquendum.
448 820 584 885 Etcum
602 814 777 903 predictus
797 817 934 887 Etrecus
956 816 1000 885 de
1024 817 1176 903 layolla,
1199 828 1354 904 tempore
1367 816 1422 886 di-

180 946 320 1003 ctorum
337 954 541 1003 excessuum
557 953 599 1001 ac
615 931 810 1012 criminum,
828 942 863 1001 et
874 933 984 1000 multo
998 942 1151 1021 ternpore
1165 943 1258 1016 ante,
1270 954 1340 1003 non
1351 934 1422 1001 sol·

179 1050 254 1118 lum
273 1074 332 1138 per
349 1060 498 1135 quatuor
514 1070 680 1129 manases,
694 1070 775 1135 ymo
788 1069 848 1135 per
860 1069 990 1117 annum
1002 1048 1043 1117 et
1053 1070 1164 1117 annos
1179 1049 1296 1137 plures
1308 1048 1423 1120 inces-

177 1167 266 1236 serit
283 1164 319 1233 in
336 1164 456 1233 habitu
474 1163 652 1231 hominurn
675 1163 937 1251 armigerorum,
955 1185 1034 1232 cum
1048 1164 1189 1251 caputio
1204 1185 1269 1232 suo
1286 1175 1419 1254 aperto,

178 1292 218 1351 et
232 1281 366 1371 capillis
380 1291 416 1351 et
432 1280 585 1348 crinibus
602 1278 707 1367 largis
723 1278 798 1349 siue
813 1278 940 1367 longis,
957 1289 994 1347 ct
1010 1300 1079 1350 non
1092 1300 1172 1348 cum
1190 1293 1345 1361 tonsura,
1358 1282 1420 1349 sed

182 1398 300 1487 potius
314 1419 393 1465 cum
410 1396 527 1479 armis,
539 1416 581 1463 ac
597 1395 752 1465 vestibus
763 1417 833 1463 non
848 1397 894 1463 ad
905 1393 1105 1464 clericatum
1121 1394 1277 1465 ordinem
1292 1397 1422 1467 decen·

182 1512 291 1593 tibus,
309 1525 451 1601 apparet
466 1512 560 1599 quod
574 1511 665 1581 iusta
681 1522 848 1583 statutum
864 1510 948 1578 dicti
966 1509 1099 1599 domini
1114 1533 1202 1599 pape
1218 1512 1420 1595 Alexandri,

182 1629 281 1715 quod
295 1630 448 1727 prelatus
463 1627 622 1697 dommus
641 1628 819 1716 Johannes
843 1626 965 1695 doctor
978 1626 1023 1696 de
1046 1628 1079 1693 la
1086 1627 1207 1695 ·Gama
1223 1637 1299 1695 erat
1318 1638 1354 1697 et
1368 1638 1423 1699 est

178 1744 292 1831 judex
304 1742 509 1824 ordinarius,
523 1741 599 1811 siue
611 1742 655 1811 ad
666 1762 746 1811 eum
759 1741 908 1829 pertinet
918 1752 954 1809 et
966 1751 1125 1827 expectat
1135 1741 1302 1829 cognitio,
1318 1742 1423 1811 casti-

184 1858 294 1947 gatio,
311 1858 445 1946 *punitio
459 1870 497 1928 et
512 1858 681 1927 correctio
695 1857 779 1925 dicti
796 1857 903 1927 Eneci
917 1858 963 1927 de
979 1858 1131 1943 Layolla,
1153 1866 1188 1927 et
1208 1879 1278 1926 non
1299 1858 1344 1927 ad
1361 1879 1422 1926 ve-

182 1987 292 2043 stram
306 1975 586 2056 dominationem:
606 1984 641 2043 et
656 1982 827 2059 quatenus
843 1985 959 2043 vestra
979 1971 1166 2042 dominatio
1185 1995 1242 2043 sse
1265 1972 1423 2042 intromi-

184 2089 244 2171 sit,
262 2101 297 2158 et
311 2089 477 2175 quioquid
493 2112 553 2176 per
569 2096 719 2159 vestram
735 2086 1002 2159 dominationem
1017 2098 1071 2155 est
1085 2101 1224 2175 gestum
1240 2100 1277 2160 et
1298 2088 1422 2158 actita-

183 2217 260 2273 tum
278 2228 318 2273 ac
334 2204 510 2292 prorrisum
526 2216 579 2273 est
594 2204 669 2291 ipso
680 2204 760 2289 jure
776 2204 922 2284 nullum,
940 2204 1074 2273 irritum
1086 2214 1122 2271 et
1137 2204 1264 2274 inanne
1278 2227 1322 2275 eo
1342 2204 1423 2294 quia

188 2320 225 2388 in
242 2320 396 2409 predicto
408 2319 555 2407 judictio
567 2319 649 2389 dicti
661 2306 790 2389 dorrrini
801 2340 890 2407 pape
903 2320 1090 2389 Alexandri
1102 2320 1240 2408 ponitur
1255 2322 1423 2391 clausulla

187 2436 328 2505 irritans
345 2446 382 2505 et
407 2437 566 2505 anullans
593 2448 708 2505 actum
724 2436 760 2503 iu
788 2437 957 2522 futurum,
979 2450 1061 2505 oum
1077 2436 1113 2503 in
1139 2458 1182 2504 eo
1202 2437 1348 2532 dicatur:
1374 2437 1422 2505 «si

185 2574 291 2620 aecus
305 2553 487 2620 actitatum
503 2550 606 2621 luerit
621 2552 754 2621 irritum
769 2563 806 2621 et
821 2551 967 2648 inanne»
984 2564 1053 2621 etc.
1074 2537 1163 2621 Cum
1176 2553 1331 2622 clausula
1342 2566 1356 2593 ¹¹
1368 2564 1422 2621 est

187 2667 282 2735 illius
298 2666 520 2753 inportantie,
540 2668 632 2755 quod
647 2668 793 2754 derogat
808 2666 901 2735 actui
916 2665 952 2735 in
969 2667 1122 2735 sutorum
1138 2667 1306 2755 gerendo,
1319 2677 1356 2737 et
1367 2689 1423 2735 re-

185 2782 251 2863 dit,
269 2782 298 2849 si
314 2784 387 2863 fiat,
404 2784 552 2849 nullum:
570 2796 606 2853 et
628 2782 678 2849 sic
699 2794 840 2869 apparet
860 2784 953 2868 quod
975 2794 1091 2851 vestra
1117 2783 1307 2853 dominatio
1327 2783 1424 2853 nullo

188 2898 294 2965 modo
310 2908 424 2985 potest
439 2900 516 2967 dese
526 2898 636 2983 judex
651 2898 687 2967 in
703 2876 770 2965 linc
785 2918 902 2978 causa,
921 2899 982 2966 sed
997 2898 1102 2967 debet
1116 2898 1276 2969 renitere
1291 2922 1368 2969 eam
1379 2900 1425 2967 a‘d

186 3015 321 3081 dictum
336 3013 512 3083 dommum
528 3024 769 3095 correctorem
787 3024 822 3083 et
838 3012 874 3081 in
890 3034 970 3082 eum
985 3035 1119 3097 casum,
1133 3035 1203 3100 quo
1218 3015 1328 3098 nollit,
1342 3036 1424 3105 pro-

188 3141 335 3199 testatur
351 3130 465 3199 dictus
482 3140 682 3217 procurator
698 3130 742 3197 de
758 3129 915 3199 nullitate
930 3141 966 3199 et
977 3129 1180 3217 grauamine
1192 3130 1274 3199 sacti
1289 3140 1325 3198 et
1337 3152 1424 3201 con·

190 3244 244 3314 'tra
256 3246 326 3333 jus.

258 3366 421 3432 Preterea
437 3362 540 3429 etiam
560 3360 689 3449 allegat
709 3362 754 3429 ad
774 3363 922 3433 eundem
939 3363 1100 3431 effectum
1123 3361 1237 3429 dictus
1257 3383 1423 3451 procura·

189 3489 255 3560 tor,
278 3478 417 3547 rromine
432 3499 502 3564 quo
517 3498 634 3564 supra,
656 3478 749 3563 quod
776 3478 855 3545 allia
875 3476 1008 3547 ratione
1027 3489 1082 3546 est
1100 3478 1204 3547 etiam
1230 3478 1423 3566 predictum

190 3592 409 3663 murritorium
426 3594 558 3661 nullum
577 3604 614 3663 et
632 3592 761 3661 nullius
779 3591 940 3673 efficatie,
963 3614 1028 3663 nec
1049 3605 1164 3665 vestra
1183 3592 1374 3663 dominatio
1389 3593 1425 3663 in

189 3708 386 3777 huiunuodi
402 3708 516 3777 causis
532 3709 636 3779 debet
651 3730 706 3777 sse
722 3708 948 3790 intromitere,
962 3730 1027 3777 nec
1039 3719 1152 3796 potest
1162 3731 1240 3779 esse
1246 3710 1369 3797 judex3
1382 3731 1426 3779 eo

188 3824 271 3912 quia
285 3826 453 3912 predatus
473 3826 611 3894 Eneeus
631 3825 675 3895 de
694 3825 847 3912 Layolla,
869 3823 983 3913 posito
1003 3825 1098 3910 quod
1117 3862 1159 3877 -
1174 3862 1218 3879 -
1232 3864 1278 3879 -
1292 3862 1338 3879 ·-
1352 3826 1425 3913 pri·

190 3963 280 4010 mam
304 3950 480 4009 tonsuram
496 3939 715 4023 clericalem,
743 3951 857 4011 tamen
880 3962 922 4010 aa
947 3962 1020 4011 non
1034 3978 1320 3997 -----
1333 3963 1424 4031 gau·

188 4288 339 4377 cipiente
357 4322 404 4341 ···
423 4324 708 4341 -----
728 4299 827 4359 entes
847 4286 991 4374 primam
1013 4302 1188 4357 tonsuram
1205 4327 1249 4339 -
1265 4326 1309 4345 ·-
1321 4326 1366 4342 -.
1380 4329 1425 4343 ..

187 4403 351 4471 manicul
365 4440 409 4457 ···
427 4440 473 4455 -
487 4440 533 4457 -
555 4440 598 4457 -
619 4414 654 4473 et
674 4403 822 4473 debeant
839 4404 985 4484 deferre,
1010 4416 1044 4473 et
1064 4404 1202 4491 publice
1224 4427 1281 4475 sse
1301 4417 1426 4493 gerant

191 4564 393 4576 ι*-

243 4672 259 4700 ¹¹
294 4655 506 4712 claurullems.
545 4668 595 4700 -ο
614 4654 763 4727 Sequitur
776 4654 868 4713 tertia
878 4656 1010 4729 pagina.
