3500 5367
460 515 464 522 ,
526 453 972 517 Ee1ssocaP.,Ln1uuosS.
993 452 1129 510 lonasto
1354 447 1405 506 123

206 630 276 696 que
291 608 458 697 pudiesen
479 619 570 680 estar
586 633 630 679 en
650 609 683 677 la
699 611 902 696 Compania,
919 609 951 676 el
971 608 1052 694 qual
1067 608 1215 694 despues
1235 606 1294 673 fue
1309 605 1444 676 abierto

205 748 230 814 y
246 725 346 811 libre,
364 727 517 796 dandose
533 737 626 794 otros
642 725 851 814 priuilegios.

275 843 387 912 Antes
403 844 447 911 de
466 844 499 910 la
519 842 719 931 expedioidn
735 842 791 910 dio
811 842 987 911 ocasiona
1006 863 1062 911 ser
1077 851 1196 908 contra
1210 839 1263 907 los
1278 850 1439 908 nuestros

205 981 229 1046 y
253 959 507 1045 contradecird
530 960 615 1028 ellos
637 981 684 1026 vn
704 959 810 1044 pierto
836 957 932 1028 fraile
954 959 998 1026 de
1021 967 1119 1026 sanct
1139 959 1317 1044 Augustin
1344 957 1381 1036 ¹⁰,
1406 955 1441 1022 el

206 1077 288 1162 quai
308 1086 474 1162 entonces
494 1099 552 1145 era
572 1076 688 1143 oculto
704 1098 727 1163 y
742 1097 847 1164 agora
866 1097 906 1144 os
924 1073 1063 1162 publico
1082 1075 1276 1155 lutherano,
1293 1095 1316 1159 y
1337 1071 1438 1157 dicen

205 1214 275 1279 que
290 1193 323 1260 el
338 1213 375 1260 es
395 1192 427 1259 el
443 1203 543 1259 autor
562 1193 619 1261 del
633 1191 721 1260 libro
742 1192 924 1260 intitulado
942 1190 1121 1260 «Sumario
1141 1191 1185 1258 de
1204 1190 1238 1256 ia
1259 1187 1439 1276 Escriptu-
1480 1211 1484 1218 ’

205 1330 279 1390 rau,
297 1309 341 1378 de
357 1331 495 1377 manera
511 1325 582 1396 que·
593 1307 718 1395 ciertos
733 1310 913 1396 espaholes
928 1310 1076 1378 deuotos
1095 1327 1201 1394 suyos
1220 1308 1242 1341 ¹¹
1260 1304 1437 1372 mouieron

205 1436 328 1494 contra
351 1447 414 1492 nos
436 1447 506 1492 vna
528 1427 659 1514 grande
682 1425 917 1513 persecucidm
948 1434 1043 1492 tanto
1066 1444 1134 1510 que
1161 1423 1220 1489 fue
1243 1420 1452 1491 necessario.

203 1562 351 1630 ponerse
367 1543 400 1609 la
419 1563 523 1611 causa
539 1565 582 1612 cn
599 1541 719 1629 juizi03
737 1565 760 1630 y
781 1541 860 1612 bien
880 1563 949 1627 que
969 1541 1140 1629 amigosy
1160 1539 1339 1626 enemigos
1358 1536 1434 1624 qui-

203 1658 319 1726 siesen
335 1657 526 1747 impediret
540 1667 712 1748 processa,
731 1681 805 1726 mas
820 1658 853 1726 al
867 1659 916 1725 fin
932 1659 964 1728 el
979 1679 1067 1746 papa
1082 1657 1158 1726 solo
1172 1655 1298 1724 mando
1315 1675 1383 1742 que
1399 1674 1437 1722 se

203 1774 301 1844 diese
317 1775 350 1844 la
365 1775 552 1862 sentencia,
570 1776 603 1844 la
625 1776 706 1862 qual
727 1776 784 1843 fud
804 1793 848 1844 on
867 1773 1031 1864 [nuestro]
1048 1774 1157 1841 fauor.
1180 1774 1211 1839 Y
1232 1792 1364 1860 perque
1381 1791 1438 1840 es·

205 1892 430 1981 pecialmente
442 1893 607 1979 aquellos,
623 1913 690 1980 que
701 1913 959 1975 murmurauan,
972 1912 1147 1960 acusauan
1158 1891 1191 1958 al
1204 1893 1245 1958 Ρ.
1260 1891 1363 1958 Mtro.
1378 1889 1437 1976 Ig-

204 2008 313 2093 natio,
332 2009 364 2075 al
386 2009 466 2096 qual
485 2010 517 2076 el
538 2009 696 2077 demonio
717 2008 861 2078 maxime
883 2008 975 2078 tiene
994 2006 1271 2096 enuidia,p1ug0
1290 2011 1311 2073 a
1331 2026 1435 2076 nues-

206 2135 262 2193 tro
284 2126 409 2208 Sehor,
427 2147 495 2212 que
514 2126 546 2194 al
568 2125 694 2215 tiempo
710 2127 753 2196 de
773 2126 872 2195 darse
892 2125 925 2193 la
945 2122 1120 2194 sentencia
1147 2145 1185 2192 se
1211 2122 1363 2190 hallaron
1392 2144 1436 2190 en

205 2243 317 2310 Roma
333 2243 431 2310 todos
446 2243 498 2310 los
509 2235 641 2329 juezes,
659 2242 710 2310 los
726 2242 844 2328 quales
860 2264 904 2311 en
920 2242 1052 2324 Almia,
1070 2263 1113 2310 en
1131 2243 1241 2324 path,
1259 2261 1303 2308 en
1320 2240 1437 2307 Vene-

204 2357 272 2443 oia,
290 2357 410 2425 siendo
426 2358 642 2427 calumniado
659 2359 690 2426 el
708 2361 748 2427 P.
768 2360 869 2426 Mtro.
889 2357 1023 2446 ignatio
1038 2379 1101 2446 por
1116 2357 1321 2443 semejantes
1336 2354 1437 2424 enui-

203 2472 291 2556 dias,
309 2479 412 2541 auian
422 2474 575 2562 juzgado
590 2473 820 2562 yjustificado
840 2495 900 2542 sus
920 2495 1020 2542 cosas
1038 2475 1075 2545 ¹⁸.
1093 2475 1125 2541 Y
1141 2474 1240 2541 todos
1255 2481 1348 2542 estos
1364 2482 1436 2538 tra·

206 2591 303 2678 uajos
323 2597 426 2659 conto
442 2590 473 2660 el
495 2593 535 2658 P.
555 2593 655 2660 Mtro.
681 2589 814 2678 Ignatio
834 2591 866 2660 al
886 2613 973 2680 papa
995 2612 1077 2678 para
1096 2612 1164 2678 que
1183 2588 1311 2676 hipiese
1327 2609 1387 2657 ver
1403 2589 1437 2656 la

205 2727 313 2776 causa
328 2730 350 2794 y
366 2708 428 2776 dar
444 2708 524 2775 final
540 2708 728 2794 sentencia.

136 2817 141 2826 ’
272 2825 303 2891 Υ
328 2825 409 2891 todo
430 2833 504 2894 esto
527 2827 584 2893 fue
605 2835 703 2893 antes
722 2827 767 2895 de
788 2826 820 2893 la
844 2823 1086 2911 confirmacion
1106 2825 1150 2891 dc
1170 2824 1203 2890 ia
1226 2824 1434 2912 Compahia;

202 2940 353 3028 despuas
364 2940 409 3009 de
423 2941 455 3008 la
467 2941 547 3026 qual
563 2943 708 3009 muchos
723 2941 868 3010 salieron
880 2942 923 3010 de
936 2943 1056 3009 Roma:
1071 2943 1172 3008 Mtro.
1188 2939 1334 3008 Claudio
1345 2939 1404 3006 fue
1415 2945 1440 3005 a

202 3058 229 3125 F
232 3055 348 3143 rancia
361 3055 433 3148 [sic]
450 3058 486 3140 ¹³,
501 3057 614 3128 donde
625 3056 702 3126 hizo
717 3059 810 3128 buen
826 3058 950 3141 fruct0,
964 3078 1028 3126 con
1046 3061 1147 3128 Mtr0.
1163 3058 1190 3126 F
1192 3058 1274 3124 abro
1285 3078 1309 3145 y
1321 3044 1446 3124 Boba?

249 3360 285 3402 ¹⁰-
309 3359 368 3416 Hic
385 3377 422 3416 ex
440 3359 550 3418 familia
566 3379 660 3434 sacra,
673 3362 722 3420 cui
739 3361 905 3436 adscriptus
921 3369 996 3434 erat,
1009 3361 1119 3435 passim
1137 3370 1259 3418 vocatur
1272 3361 1435 3433 «Augusti-
1453 3431 1459 3436 ⁸

202 3467 290 3529 nusi»,
303 3467 341 3506 ex
355 3451 448 3524 patria
462 3469 532 3508 vero
545 3452 828 3510 «Pedemontanus».

248 3540 267 3574 ¹¹
307 3542 414 3598 Petrus
427 3540 464 3598 de
477 3541 609 3615 Camilla,
625 3545 649 3600 F
650 3543 799 3612 ranciscus
812 3542 959 3615 Madarra,
972 3542 1133 3617 etquidem
1145 3544 1277 3613 Bausta,
1288 3543 1338 3617 qui
1351 3559 1436 3599 accu·

200 3639 330 3688 satorem
344 3631 434 3687 etiam
446 3641 548 3689 contra
561 3633 709 3706 ignatium
722 3633 919 3690 adhibuerunt
932 3633 1116 3705 Michaetem,
1131 3621 1296 3690 navarrum.
1316 3631 1437 3689 Roderi·

200 3722 276 3793 cius,
288 3721 497 3792 Ribadeneira,
509 3723 653 3780 Polancus
666 3723 793 3796 priorum
807 3723 926 3780 nomina
937 3723 1110 3780 omiserunt.
1121 3725 1159 3779 Et
1171 3723 1290 3798 quidem
1301 3722 1438 3791 1111111111·Ι

202 3823 309 3881 ustas,
332 3811 411 3876 Vita,
426 3813 478 3868 lib.
493 3812 532 3882 11,
545 3829 614 3886 cap.
633 3827 677 3885 14,
691 3812 804 3870 scribit:
821 3813 956 3887 «quidam
970 3811 1096 3886 Hispani
1112 3814 1199 3886 (quos
1211 3811 1363 3870 nominare
1377 3830 1437 3868 non

202 3909 249 3956 est
263 3909 412 3970 necesse).
421 3917 470 3970 ..n3
483 3903 680 3960 Ronuatcws
694 3919 764 3960 vero
774 3902 821 3958 De
833 3903 956 3977 origine
968 3908 997 3959 et
1006 3908 1174 3977 progressu
1186 3903 1344 3959 Societatis
1358 3899 1437 3968 Iesu,

202 4006 271 4062 pag.
289 3988 336 4060 69:
357 3991 451 4046 «Huic
470 3991 650 4064 [Augustino
667 3991 899 4064 Pedemontano]
917 3991 975 4049 duo
986 3992 1104 4066 quidam
1122 3991 1237 4066 hispani
1255 3991 1435 4064 sacerdotes,

203 4095 311 4152 magna
328 4081 503 4137 auctoritate
526 4081 698 4155 magnisque
720 4082 826 4156 opibus
844 4082 912 4154 viri,
930 4092 1018 4156 atque
1037 4083 1067 4138 in
1088 4099 1207 4138 romana
1223 4082 1304 4138 curia
1326 4081 1437 4138 iamdiu

203 4169 327 4241 versati,
341 4169 426 4226 valde
443 4169 536 4228 dediti
554 4181 690 4228 erant...»
708 4172 815 4228 Eorum
833 4181 932 4229 autem
949 4171 1068 4230 nomina
1081 4172 1202 4245 protulit
1214 4171 1436 4244 Oacnuomtts’,

203 4259 241 4330 11,
255 4271 302 4328 47,
316 4258 424 4333 aliique
436 4259 577 4333 deinceps
589 4263 727 4333 attulere,
741 4262 862 4335 Bartoli,
872 4262 963 4334 Clair,
977 4270 1036 4318 etc.

248 4349 280 4386 ⁸¹·
310 4348 494 4420 Poetneum,
509 4350 635 4424 chron,
649 4352 672 4422 1,
685 4352 730 4423 69.

251 4439 289 4472 ¹⁵'
312 4437 377 4494 Non
395 4439 575 4496 conveniunt
593 4442 666 4496 haec
683 4458 749 4497 cum
767 4443 815 4510 iis,
833 4460 909 4515 quae
925 4441 962 4498 de
980 4443 1046 4514 Jajo
1064 4443 1171 4515 passim
1189 4443 1320 4501 historici
1343 4444 1436 4498 nostri

202 4526 334 4583 tradunt.
349 4530 387 4582 Et
398 4526 518 4602 quidem
531 4530 714 4604 POLANCUS,
729 4531 853 4604 Chrom,
868 4533 890 4604 1,
904 4547 950 4603 92,
963 4533 1014 4589 ait:
1031 4535 1111 4588 «Hoc
1125 4551 1201 4590 anno
1217 4545 1283 4603 1541
1298 4551 1365 4589 cum
1379 4534 1436 4588 Ro·

203 4635 270 4674 mae
283 4617 394 4691 aliquot
412 4617 611 4676 hebdomadas
627 4628 693 4693 post
707 4621 920 4695 professionem
934 4623 1101 4695 mansisset,
1115 4624 1287 4680 Faventiam
1302 4624 1335 4678 P.
1348 4622 1435 4678 Clau·

203 4707 270 4766 dius
284 4707 367 4782 Jaius
391 4707 498 4768 missus
521 4717 576 4782 est,
595 4711 644 4788 qui
663 4711 918 4772 sacramentorum
936 4712 1139 4774 confessionis
1160 4723 1191 4774 et
1212 4712 1437 4777 Communiom's
