3500 5367
408 456 591 513 Drcraurna
609 452 640 509 S.
661 452 782 510 Ionam
800 468 822 510 a
840 456 874 511 Ρ.
895 456 1051 513 Laucrcro
1069 466 1236 513 cornuum
1349 466 1400 522 501

198 631 381 694 nunquam
398 608 661 693 reprehenderet
677 607 759 673 dum
775 606 810 673 id
826 618 1052 690 mererentur,
1069 578 1149 673 cum
1166 604 1306 673 nouitiis
1323 616 1438 673 tamen

195 736 238 792 et
249 724 446 809 junioribus
464 722 563 789 ualde
579 720 730 809 benigne
746 736 781 792 et
801 724 927 790 blande
950 724 1173 811 procedebat,
1195 732 1230 791 et
1251 721 1437 791 mortifica-

200 842 264 907 bat
284 840 422 926 quidem
446 840 549 906 rebus
573 837 656 925 ipsis
676 838 916 907 confusionem
937 862 1098 927 magnam
1118 849 1152 908 et
1172 837 1438 925 abnegationem

197 956 359 1042 propriae
374 954 564 1021 voluntatis
580 974 620 1021 ac
636 953 755 1021 iudicii
775 955 1022 1039 adferentibus3
1046 955 1149 1022 modo
1172 965 1290 1021 tamen
1309 954 1437 1041 agendi

196 1070 315 1151 suani,
334 1092 374 1139 ac
392 1072 491 1137 uultu
507 1092 629 1138 sereno
649 1081 684 1139 et
705 1070 982 1140 beneuolentiam
1001 1070 1163 1157 spirante,
1192 1070 1374 1156 uerbisque
1393 1071 1438 1137 ab

200 1186 298 1253 omni
313 1185 498 1253 acrimonia
514 1184 633 1254 alienis
649 1186 730 1253 talia
744 1186 961 1274 iniungebat,
980 1207 1025 1254 ne
1040 1188 1084 1255 ab
1100 1188 1253 1255 humana
1266 1184 1351 1253 uicti
1367 1186 1438 1253 fra·

196 1301 338 1388 gilitate
353 1302 551 1370 deficerent.

268 1419 359 1485 Cum
376 1419 513 1504 quidam
530 1418 683 1486 nouitius
702 1419 909 1487 occurrisset
925 1418 969 1501 ei,
995 1418 1130 1486 uiuidos
1148 1421 1220 1486 huc
1235 1428 1340 1505 atque
1354 1418 1437 1485 illuc

194 1533 430 1602 conuertisset
456 1536 574 1602 oculos
601 1548 636 1603 et
663 1536 797 1603 curiose
824 1534 939 1603 omnia
965 1534 1254 1623 circumspiceret,
1282 1534 1437 1601 substitit

192 1661 343 1717 sanctus
359 1632 475 1731 Pater,
493 1650 552 1743 [et]
578 1652 767 1738 alloquens,
785 1651 833 1718 ita
848 1672 928 1719 eum
955 1650 1115 1719 correxit:
1139 1652 1291 1739 Joannes
1311 1650 1435 1717 Domi-

198 1764 278 1832 nice
295 1765 358 1849 (sic
374 1766 465 1836 enim
481 1768 741 1854 appellabatur),
759 1767 974 1849 modestiam,
1002 1788 1105 1852 quam
1132 1765 1301 1833 Dominus
1316 1776 1435 1833 noster

195 1890 282 1947 tuae
298 1882 392 1949 dedit
407 1883 554 1965 animae,
572 1903 634 1950 cur
661 1906 730 1951 non
752 1882 854 1951 etiam
875 1883 1027 1950 ostendis
1050 1882 1086 1949 in
1108 1882 1233 1949 oculis?
1252 1881 1354 1951 etsie
1371 1882 1434 1948 ad-

195 1996 370 2063 monitum
388 1998 537 2083 reliquit.

267 2112 385 2181 Alium
401 2114 586 2195 nouitium,
605 2114 702 2181 fabro
717 2114 867 2183 murario
884 2114 1008 2182 lateres
1022 2114 1234 2181 adferentem
1246 2113 1341 2200 (dum
1353 2134 1433 2178 mu-

191 2250 256 2295 rus
285 2250 406 2295 uersus
426 2229 645 2316 Capitolium,
675 2229 833 2316 publicae
854 2230 932 2298 uiae
953 2229 1125 2310 adiacens,
1143 2227 1358 2315 erigeretur),
1377 2229 1432 2295 in—

190 2344 318 2432 tuitae,
337 2344 480 2431 agnouit
498 2348 721 2415 uehementer
737 2346 913 2424 conlundi3
932 2356 1037 2411 notus
1051 2345 1142 2412 enim
1156 2349 1209 2411 sat
1224 2344 1261 2411 in
1273 2346 1380 2426 Vrbe,
1396 2354 1432 2414 et

194 2460 305 2527 lrobili
332 2462 408 2528 loco
435 2474 549 2543 natus,
572 2473 607 2531 et
628 2464 719 2529 hanc
747 2463 791 2529 ob
819 2482 960 2528 causam
978 2461 1078 2528 ualde
1101 2460 1259 2528 afflictus.
1290 2461 1430 2529 Veritus

188 2598 281 2663 ergo
297 2598 342 2647 ne
370 2588 487 2647 tenera
503 2578 632 2664 planta,
651 2576 749 2664 graui
767 2576 1038 2644 mortificationis
1061 2598 1179 2663 pressa
1207 2596 1323 2657 onere,
1342 2596 1428 2642 con·

188 2693 339 2773 cideret,
362 2693 473 2760 vetuit
494 2716 537 2761 ne
557 2693 704 2779 amplius
725 2714 767 2762 eo
782 2692 817 2759 in
833 2693 910 2760 loco
923 2685 1162 2779 compareret,
1176 2702 1212 2760 et
1231 2690 1354 2759 nouitii
1375 2692 1429 2757 di-

189 2820 377 2888 rectorem,
395 2810 454 2875 illo
469 2811 622 2890 absente,
641 2809 764 2879 acriter
780 2808 1011 2895 reprehendit,
1030 2809 1122 2893 quod
1143 2830 1223 2876 eum
1244 2806 1429 2874 indiscrete

185 2922 228 2989 in
240 2923 329 3005 loco,
345 2924 478 2992 cunctis
489 2925 638 2993 romanis
651 2924 784 3012 peroio,
797 2926 840 2991 ad
852 2924 933 2991 talia
945 2924 1110 3010 obsequia
1121 2905 1335 3003 detrusisset,
1349 2924 1428 3008 qui-

189 3039 260 3104 bus
276 3040 426 3107 ferendis
442 3061 483 3108 eo
500 3051 652 3127 tempore
669 3051 820 3109 teneram
840 3042 956 3109 adhuc
972 3040 1064 3106 illius
1085 3039 1246 3106 virtutem
1262 3039 1427 3126 imparem

188 3174 272 3223 esse
288 3156 444 3241 cogitare
460 3157 638 3225 debuerat.

260 3272 408 3357 Speciali
429 3273 561 3358 regula,
584 3271 672 3339 inter
693 3273 831 3359 regulas
851 3271 998 3339 ministri
1018 3270 1140 3358 posita,
1163 3270 1427 3357 praescripserat

191 3397 337 3453 sanctus
350 3390 453 3456 Pater
465 3388 632 3470 ministm,
646 3410 690 3455 ne
706 3389 814 3455 ullum
829 3388 979 3455 officium
995 3388 1070 3479 sine
1084 3408 1246 3475 expresso
1261 3408 1325 3454 suo
1337 3387 1426 3453 scitu

189 3500 389 3589 iniungeret
406 3502 449 3584 ei,
468 3505 527 3590 qui
544 3516 634 3575 esset
650 3507 693 3572 ab
708 3504 822 3590 aliqua
843 3503 1079 3572 inualetudine
1093 3504 1270 3585 liberatus,
1288 3503 1427 3569 volebat

191 3628 233 3683 ut
254 3618 591 3703 convalescentibus,
614 3620 717 3687 etiam
736 3620 766 3687 si
786 3619 853 3686 iam
881 3619 916 3686 in
945 3618 1193 3687 ualetudinario
1215 3639 1284 3685 non
1307 3640 1425 3687 mane·

189 3743 282 3815 rent,
300 3754 360 3821 per
382 3754 502 3803 manus
523 3735 699 3804 infirmarii
720 3734 786 3802 cibi
810 3737 985 3815 darentur,
1004 3745 1040 3803 et
1060 3734 1283 3801 nihilominus
1310 3746 1427 3802 essent

188 3848 259 3915 sub
275 3870 358 3916 cura
376 3850 510 3934 medici,
527 3851 618 3919 sicut
633 3862 730 3920 erant
746 3862 759 3893 ⁶
775 3862 877 3919 antea
892 3852 975 3917 dum
991 3861 1107 3919 essent
1123 3850 1261 3920 infirmi.

259 3965 350 4031 Inter
367 3967 506 4053 regulas
522 3966 699 4033 infirmarii
716 3966 867 4035 vltimam
884 3978 1058 4053 posuerat,
1072 3978 1112 4033 ut
1126 3966 1258 4033 solicite
1274 3964 1427 4051 inquire·

191 4091 246 4147 ret
262 4082 307 4146 ab
324 4080 472 4163 infirmo,
491 4082 550 4169 qui
566 4094 682 4151 essent
697 4082 729 4149 ei
747 4082 857 4169 magis
872 4080 963 4168 grati
979 4104 1021 4149 ex
1037 4081 1246 4165 domesticis,
1264 4104 1285 4150 a
1300 4080 1428 4165 quibus

194 4194 325 4265 uisitari
344 4198 459 4279 uellet,
478 4209 512 4267 et
529 4198 585 4265 isti
600 4199 676 4279 soli,
695 4220 764 4265 non
781 4198 851 4281 alii,
865 4199 1127 4266 admitterentur
1142 4198 1186 4264 ad
1202 4197 1427 4265 recreandum

186 4310 376 4393 infirmum,
396 4334 484 4398 quos
499 4312 680 4383 admittere
695 4325 768 4381 erat
784 4314 820 4379 in
836 4324 1006 4401 potestate
1022 4312 1211 4379 infirmarii.

243 4578 256 4606 c
295 4563 485 4621 nihilominus
499 4572 580 4621 esset
593 4566 650 4621 sub
663 4582 732 4621 cura
747 4564 864 4636 medici,
879 4564 956 4623 sicut
969 4573 1039 4621 sunt
1054 4584 1109 4620 ms.

392 4746 406 4789 Ι
