3500 5367
389 505 571 561 Drcmumn
591 506 622 561 S.
643 508 766 563 Innnrn
785 522 805 562 a
825 507 859 561 P.
879 506 1035 564 Lancrcro
1053 517 1221 563 correcta
1332 514 1384 571 49¹

183 656 326 743 flagello
342 656 495 741 quotidie
510 656 575 724 sibi
587 658 777 745 infligebat,
796 659 934 744 quoties
948 658 1008 738 ita,
1026 657 1078 724 uti
1091 656 1221 724 dictum
1240 666 1306 736 est,
1324 654 1425 722 risis-

183 784 252 837 set:
268 781 304 839 et
316 774 380 839 hac
391 772 524 839 ratione
540 773 630 841 risus
645 774 878 843 excessionem
892 774 1022 859 abegit.
1037 775 1152 843 Solam
1165 772 1335 840 internam
1349 771 1428 840 lae—

185 885 298 953 titiam
315 887 469 985 retinuit,
488 888 547 954 tali
564 901 678 956 tamen
691 888 905 976 benignitate
919 899 1079 976 aspectus
1095 910 1179 975 erga
1199 896 1428 955 occurrentes

184 1001 254 1067 sibi
276 1001 479 1083 radiantem,
503 1015 541 1070 ut
561 1026 623 1071 eos
643 1006 895 1091 quodammodo
914 1004 1002 1071 intra
1023 1004 1156 1071 uiscera
1177 1025 1240 1070 sua
1261 1003 1350 1070 uelle
1365 1024 1421 1069 re-

185 1117 339 1185 condere
355 1118 541 1203 uideretur,
559 1122 641 1186 dum
662 1120 856 1207 quempiam
876 1131 1108 1187 transeuntem
1124 1118 1304 1205 aspiceret.

256 1234 335 1300 Non
353 1244 486 1301 tantum
502 1237 711 1317 sacerdotes,
729 1237 791 1303 sed
806 1235 1025 1303 coadiutores
1042 1256 1191 1331 quoque,
1206 1234 1335 1301 uirtute
1351 1254 1425 1299 non

185 1350 327 1436 uulgari
348 1350 531 1435 praeditos,
554 1351 601 1417 ita
624 1351 696 1419 suis
723 1353 863 1419 uolebat
890 1374 966 1418 esse
993 1351 1143 1419 intentos
1162 1348 1296 1429 officiis,
1320 1348 1425 1415 neiis

184 1477 419 1552 grauarentur
443 1479 478 1534 et
510 1469 575 1533 sub
602 1490 707 1535 onere
734 1470 1011 1547 succumberent,
1029 1458 1176 1551 ideoque
1192 1464 1339 1533 candide
1354 1464 1421 1531 sibi

184 1580 309 1648 referri
326 1583 464 1649 uolebat
480 1583 508 1649 si
524 1584 696 1651 leuamine
712 1583 826 1668 aliquo
837 1604 874 1649 se
887 1583 1043 1669 indigere
1058 1591 1231 1668 putarent:
1258 1602 1345 1666 quos
1357 1603 1421 1647 au-

186 1712 259 1767 tem
271 1700 447 1767 modestos
463 1713 499 1765 et
516 1700 729 1795 uerecundos
744 1720 784 1765 ac
798 1698 1023 1766 feruentiores
1034 1720 1110 1765 esse
1122 1697 1265 1777 sciebat,
1280 1696 1426 1763 iubebat

186 1817 258 1881 hoe
272 1814 385 1901 ipsum
402 1815 609 1901 permittere,
625 1838 668 1882 ne
684 1828 694 1855 f
709 1818 791 1881 dum
808 1814 1014 1883 uerecundia
1029 1815 1198 1894 laborant,
1216 1813 1282 1879 sub
1298 1812 1422 1878 immo-

184 1930 319 1998 deratis
334 1931 509 1997 laboribus
525 1931 758 2000 conciderent.

257 2049 345 2115 Tam
356 2048 525 2115 beneuole
541 2049 778 2133 alloquebatur
794 2047 1015 2126 domesticos,
1029 2058 1065 2114 et
1077 2045 1192 2113 omnia
1205 2067 1285 2113 cum
1297 2044 1339 2112 iis
1352 2057 1424 2112 tam

186 2163 342 2248 benigne
359 2165 537 2243 tractabat,
557 2174 595 2229 ut
612 2173 706 2229 totus
723 2162 898 2229 uideretur
917 2183 993 2229 esse
1016 2183 1111 2229 amor
1131 2161 1283 2247 quidam,
1304 2160 1339 2226 id
1354 2171 1422 2241 est,

187 2276 430 2345 uniuersaliter
446 2280 624 2346 amabatur
644 2281 687 2345 ab
704 2278 876 2359 omnibus,
897 2290 935 2343 ut
955 2278 1070 2345 nullus
1090 2276 1231 2365 agnitus
1251 2276 1286 2344 in
1303 2276 1423 2345 Socie-

186 2404 261 2460 tate
277 2414 321 2460 eo
350 2392 490 2463 uiuente
507 2394 622 2475 suerit,
655 2394 712 2480 qui
741 2416 819 2463 eum
841 2394 988 2460 maximo
1008 2415 1125 2461 amore
1145 2414 1215 2460 non
1231 2412 1419 2478 proseque-

186 2520 298 2589 retur,
317 2519 405 2576 etse
421 2512 464 2577 ab
480 2532 520 2577 eo
541 2532 675 2579 summe
690 2510 796 2577 amari
824 2532 894 2576 non
918 2520 1065 2595 putaret3
1094 2509 1171 2588 etsi,
1195 2508 1245 2575 uti
1266 2530 1330 2574 suo
1346 2508 1428 2573 loco

185 2625 357 2706 dicemuS,
375 2626 592 2694 seuerissime
609 2626 754 2712 exiguos
769 2625 927 2693 defectus
942 2624 1139 2711 castigaret,
1153 2634 1189 2691 et
1205 2622 1333 2689 maiore
1351 2622 1422 2689 uir-

187 2752 265 2807 tute
280 2752 385 2827 atque
401 2741 611 2809 authoritate
626 2740 797 2828 praeditos
819 2743 952 2821 Patres,
976 2750 1015 2806 ut
1036 2739 1218 2825 Laynium,
1243 2750 1278 2805 et
1296 2739 1424 2805 Polan·

184 2878 282 2937 cum,
300 2866 336 2923 et
351 2855 567 2925 Ludouicum
584 2857 808 2937 Consaluum,
827 2867 861 2925 et
878 2856 1037 2924 Natalem
1053 2877 1156 2941 saepe
1178 2856 1263 2921 dure
1284 2854 1425 2941 excipe-

185 2984 254 3052 ret,
272 2972 412 3039 minima
427 2994 584 3057 quaeque
601 2972 634 3039 in
651 2974 701 3041 eis
717 2974 904 3041 emendans
920 2972 977 3041 uel
992 2970 1158 3059 linguale]
1177 2972 1234 3037 uel
1255 2971 1426 3037 factorum

186 3099 316 3156 errata.
1001 3089 1007 3104 '

257 3206 365 3272 Porro
379 3204 479 3291 signa
495 3216 530 3270 et
546 3208 690 3274 effectus
707 3205 809 3271 huius
824 3228 909 3293 erga
924 3204 1130 3274 domesticos
1146 3202 1271 3271 amoris
1287 3205 1372 3271 baec
1388 3200 1425 3267 in

184 3344 229 3389 eo
247 3321 398 3387 fuerunt.
419 3324 568 3407 Magnus
585 3322 732 3390 laetitiae
749 3344 883 3401 sensus,
902 3344 1003 3407 quam
1020 3321 1248 3407 praeferebat,
1266 3319 1348 3384 dum
1366 3318 1424 3386 uel

184 3438 388 3521 loqueretur
407 3438 450 3503 de
471 3438 573 3503 rebus
594 3438 863 3505 domesticorum
884 3437 1057 3517 omnibus,
1080 3437 1137 3505 uel
1157 3437 1339 3521 loquentes
1360 3456 1426 3500 au-

185 3552 291 3632 diret3
309 3550 454 3637 ideoque
470 3552 586 3619 literas
602 3552 779 3621 nunciales
795 3552 853 3641 [et]
871 3552 992 3619 similia
1009 3552 1063 3619 bis
1078 3562 1114 3619 et
1131 3562 1182 3618 ter
1194 3550 1270 3617 aliis
1281 3549 1351 3637 legi
1364 3570 1424 3616 eu·

187 3668 302 3733 rabat.

257 3784 406 3867 Quando
423 3786 463 3851 Ρ.
484 3783 684 3851 Ludouicus
700 3784 895 3851 Consaluus
910 3808 953 3851 ex
969 3783 1147 3853 Lusitania
1164 3776 1307 3850 Romam
1325 3780 1424 3849 ueni-

186 3909 256 3979 ret,
271 3920 374 3985 saepe
390 3920 471 3967 cum
487 3910 530 3965 eo
547 3912 688 3993 sanetus
706 3903 809 3967 Pater
824 3900 962 3967 locutus
977 3911 1032 3967 est
1052 3900 1096 3965 de
1111 3897 1241 3966 nostris
1262 3896 1428 3964 fratribus

186 4014 225 4081 in
243 4013 420 4082 Lusitania
435 4028 471 4082 et
486 4016 595 4099 India,
613 4014 701 4083 seire
717 4015 860 4102 cupiens
881 4017 1058 4101 quomodo
1078 4015 1310 4095 comederent,
1336 4033 1424 4099 quo-

186 4117 294 4197 modo
322 4130 522 4213 dormirent,
552 4132 712 4218 qualibus
738 4132 893 4199 vestibus
920 4131 1158 4212 induerentur3
1184 4141 1219 4196 et
1235 4130 1342 4195 multa
1358 4126 1426 4193 alia

188 4245 420 4314 minutissima
435 4247 641 4332 inquirebat.
665 4251 708 4315 Et
724 4249 871 4334 quadam
893 4248 969 4314 uice
985 4246 1018 4316 ei
1038 4246 1137 4313 dixit:
1158 4268 1242 4313 sane
1263 4246 1421 4323 laetarer,

186 4360 220 4427 si
242 4360 331 4429 scire
357 4384 492 4449 possem
520 4374 603 4449 quot
630 4358 772 4451 pulices'
788 4363 941 4449 qualibet
967 4373 1070 4429 nocte
1097 4363 1276 4428 mordeant
1301 4362 1428 4427 fratres

188 4496 299 4543 meos.
319 4478 419 4547 Alter
433 4478 508 4545 eius
524 4500 607 4567 erga
623 4480 830 4547 domesticos
843 4478 969 4546 amoris
980 4481 1147 4547 effectus⁸
1162 4488 1236 4544 erat
1249 4496 1426 4543 commen·

246 4742 258 4770 τ
294 4724 332 4781 In
344 4745 400 4782 ms.
410 4734 469 4802 pro
483 4745 520 4783 ne
534 4728 650 4801 legitur
663 4745 707 4785 ac.
745 4744 791 4771 -s
810 4727 918 4784 amoris
931 4728 1055 4785 affectus
1068 4745 1126 4785 ms.
