3500 5367
369 440 404 494 94
752 426 955 482 Moxoirartm
978 425 1156 482 onnrraan

399 593 455 666 95.
505 578 638 646 Passati
659 579 682 644 li
697 597 742 662 40
758 580 927 646 di‘uenne
944 582 1045 647 Mtro.
1064 578 1225 647 Gioanne
1240 580 1371 646 Coduri
1386 593 1410 658 ‘3
1429 592 1464 649 et
1479 583 1570 648 tutti

329 705 452 779 quatro
470 694 498 761 si
513 695 753 764 deliberorono
773 697 808 762 di
830 696 1072 764 incominciare
1095 717 1116 762 a
1137 695 1326 782 predicare3
1350 708 1385 764 et
1401 698 1569 764 andando
1640 701 1646 712 '

330 811 409 876 tutti
425 829 447 893 4
463 810 498 877 in
514 811 649 879 diuersa
662 811 791 898 piazze,
810 811 833 878 il
850 811 1036 880 medesimo
1051 812 1088 878 di
1105 823 1140 880 et
1156 812 1188 878 la
1203 813 1391 879 medesima
1405 814 1491 880 hora
1502 834 1568 880 co-

330 927 519 994 minciorno
536 929 568 994 la
583 950 646 996 sua
662 927 811 1014 predica,
830 929 1000 1016 gridando
1016 920 1125 1015 prima
1141 929 1241 1010 sorte,
1260 939 1295 996 et
1311 929 1515 996 chiamando
1529 928 1567 995 la

328 1055 433 1130 gente
449 1065 515 1111 con
530 1045 563 1110 la
578 1047 723 1114 beretta.
744 1046 820 1112 Con
841 1055 963 1130 queste
979 1043 1144 1131 prediche
1160 1043 1189 1110 si
1207 1043 1282 1112 soce
1303 1045 1409 1111 molto
1424 1056 1565 1114 rumore

328 1161 418 1227 nella
440 1161 535 1242 cirta,
554 1172 589 1228 et
605 1162 709 1228 molte
725 1183 869 1248 persone
886 1163 915 1228 si
932 1182 1084 1229 mossero
1100 1181 1167 1228 con
1182 1161 1380 1245 deuotione,
1403 1172 1438 1230 et
1454 1163 1564 1228 haue·

329 1301 417 1348 uano
432 1279 466 1344 le
480 1277 686 1345 commoditti
704 1277 872 1364 corporali
888 1277 1164 1346 necessarieoon
1180 1276 1240 1364 pit
1256 1276 1478 1344 abundantia.

394 1397 431 1462 In
452 1395 531 1480 quel
559 1403 673 1481 tempo
689 1397 752 1461 che
781 1396 817 1460 fu
846 1417 865 1460 a
883 1393 1034 1462 Vicenza
1053 1395 1165 1462 hebbe
1187 1394 1292 1462 molte
1314 1391 1440 1461 uisioni
1460 1392 1561 1480 spiri-

329 1510 425 1592 tuali,
448 1521 482 1578 et
510 1511 614 1578 molte
631 1508 727 1596 quasi
754 1509 925 1578 ordinarie
951 1509 1189 1593 consolationi;
1207 1520 1242 1578 et
1265 1532 1325 1597 per
1352 1509 1375 1575 il
1391 1508 1560 1577 contrario

327 1627 465 1713 quando
482 1627 520 1693 fu
536 1625 571 1692 in
588 1625 717 1714 Parigi3
737 1624 896 1694 massime
919 1627 1056 1711 quando
1072 1625 1101 1692 si
1117 1625 1323 1694 incomincio
1344 1648 1362 1691 a
1379 1647 1556 1712 preparare

325 1766 384 1830 per
400 1765 493 1812 esser
508 1744 689 1811 sacerdote
705 1742 740 1808 in
757 1743 917 1824 Venetia,
936 1752 971 1810 et
987 1742 1125 1828 quando
1142 1742 1171 1809 si
1192 1763 1382 1829 preparaua
1402 1762 1463 1828 per
1482 1741 1553 1807 dire

324 1859 356 1926 la
373 1881 495 1940 messa,
513 1879 573 1945 per
589 1857 669 1924 tutti
685 1859 789 1945 quelli
812 1858 930 1946 uiaggi
954 1859 1066 1925 hebbe
1087 1858 1209 1946 grandi
1231 1857 1419 1926 uisitationi
1439 1880 1539 1944 sopra

323 1975 482 2056 naturali,
501 1975 536 2041 di
552 1976 663 2060 quelle
680 1976 748 2043 che
764 1975 1021 2042 soleuahauere
1033 1975 1155 2042 stando
1168 1973 1204 2040 in
1219 1977 1404 2042 Manressa.
1422 1975 1551 2042 Stando

323 2093 431 2160 anche
460 2091 495 2158 in
523 2091 669 2160 Venetia
697 2113 803 2178 seppe
818 2092 886 2157 che
914 2112 983 2158 uno
998 2090 1079 2159 delli
1106 2089 1305 2178 compagni‚
1333 2092 1399 2158 che
1422 2100 1552 2156 stauaa

324 2207 474 2275 Bassano
490 2211 515 2288 ⁰,
534 2217 632 2276 staua
659 2208 841 2274 ammalato
856 2230 876 2274 a
898 2218 1005 2294 punto
1020 2207 1055 2275 di
1079 2219 1202 2290 morte,
1221 2218 1256 2276 et
1273 2206 1320 2272 lui
1337 2208 1367 2274 si
1383 2217 1552 2273 truouaua

321 2324 422 2391 etiarn
450 2325 507 2391 all’
532 2326 617 2392 hora
643 2325 824 2392 atnmalato
851 2324 888 2393 di
914 2326 1022 2391 febre.
1054 2322 1318 2392 Nientedimeno
1334 2323 1364 2390 si
1380 2344 1493 2391 messe
1515 2321 1550 2389 in

320 2441 470 2528 viaggi03
489 2452 524 2508 et
539 2441 718 2508 caminaua
735 2451 832 2508 tanto
848 2442 948 2525 sorte,
966 2443 1032 2510 che
1045 2443 1171 2522 Fabro,
1186 2463 1250 2508 suo
1261 2460 1466 2528 compagum
1482 2461 1549 2506 non

319 2559 352 2624 lo
373 2569 497 2644 poteua
518 2557 705 2645 seguitare.
728 2559 771 2624 Et
793 2558 828 2624 in
849 2558 964 2643 quello
986 2556 1128 2644 uiaggio
1148 2558 1260 2624 hebbe
1282 2555 1488 2625 certitudine
1507 2557 1551 2622 da

319 2672 400 2754 Dio,
422 2685 456 2741 et
477 2675 510 2741 lo
530 2674 622 2740 disse
644 2697 664 2740 a
685 2675 819 2766 Fabro,*
834 2675 899 2742 che
925 2673 949 2739 il
976 2694 1169 2760 compagno
1197 2695 1267 2740 non
1295 2671 1488 2742 morirebbe
1514 2671 1549 2738 di

318 2789 431 2874 quella
445 2787 618 2858 infirmita.
637 2790 680 2856 Et
697 2788 880 2857 arriuando
895 2812 916 2856 a
932 2768 1146 2870 Bassam-10
1163 2790 1347 2856 ammalato
1363 2787 1391 2856 si
1408 2789 1549 2856 consoli)

318 2906 434 2987 molto,
454 2918 488 2972 et
504 2910 588 2974 sano
605 2916 729 2993 presto.

382 3021 445 3088 Poi
463 3033 625 3090 tornorno
641 3021 722 3088 tutti
739 3045 758 3088 a
782 3021 947 3105 Vicenza,
975 3033 1010 3088 et
1026 3023 1059 3088 la
1079 3043 1164 3089 sono
1185 3020 1265 3102 stati
1287 3022 1414 3089 alcuno
1431 3032 1546 3108 tempo

315 3137 404 3203 tutti·
421 3137 520 3222 dieci3
543 3149 577 3205 et
605 3139 784 3207 andnuano
800 3138 915 3205 alcuni
930 3161 950 3207 a
966 3159 1104 3207 cercare
1124 3138 1310 3206 elemosina
1330 3160 1392 3225 per
1412 3138 1446 3206 le
1462 3137 1546 3206 uille

315 3253 452 3322 intorno
469 3277 489 3320 a
505 3254 667 3324 Vicenza.
1242 3249 1253 3280 ‘

381 3371 437 3458 96.
487 3371 561 3452 Poi,
580 3371 677 3438 finito
692 3373 715 3437 l'
735 3393 836 3453 anno,
855 3383 891 3439 et
907 3393 977 3468 non
992 3371 1021 3439 si
1038 3373 1208 3440 trouando
1221 3369 1419 3458 passaggio,
1438 3367 1467 3438 si
1482 3371 1544 3439 de·

313 3485 483 3554 liberorno
497 3487 532 3554 di
547 3487 709 3554 andare'a
727 3491 845 3570 Rotna3
861 3500 896 3558 et
912 3490 1022 3556 anche
1034 3489 1057 3555 il
1070 3487 1262 3576 pelegrinm
1282 3489 1406 3574 perche
1419 3488 1442 3552 l'
1456 3487 1543 3555 altra

249 3607 253 3616 '
313 3603 404 3669 uolta
420 3605 485 3671 che
500 3603 525 3669 li
540 3604 721 3692 compagni
739 3627 842 3673 erano
859 3605 987 3688 andati,
1006 3605 1110 3690 quelli
1122 3605 1194 3685 dui,
1208 3602 1289 3673 delli
1303 3603 1396 3692 quali
1410 3603 1458 3670 lui
1475 3605 1541 3670 du-

312 3717 440 3800 bitaua,
458 3720 487 3786 si
503 3742 608 3789 erano
624 3721 779 3787 mostrati
795 3723 901 3787 molto
922 3721 1094 3790 beneuoli.

378 3837 566 3904 Andorono
582 3859 602 3902 a
618 3837 728 3904 Roma
743 3835 845 3903 diuisi
857 3836 893 3902 in
910 3847 962 3905 tre
977 3859 999 3904 o
1014 3846 1138 3922 quatro
1158 3836 1259 3924 parti,
1274 3847 1310 3905 et
1326 3835 1541 3924 ilpelegrino

310 3969 375 4018 eon
390 3953 418 4018 F
419 3954 503 4020 abro
517 3962 552 4019 et
569 3953 718 4038 Laynez;
737 3963 771 4020 et
786 3951 822 4018 in
835 3961 958 4036 questo
971 3952 1112 4040 uiaggio
1126 3953 1162 4019 fu
1174 3953 1282 4020 molto
1298 3951 1541 4039 specialmente

312 4065 451 4133 uisitato
466 4068 510 4134 da
525 4067 629 4134 Iddio.

375 4184 521 4250 Haueua
540 4182 742 4263 deliberato,
761 4182 853 4280 dipoi
873 4184 941 4252 che
971 4186 1062 4252 fosse
1086 4186 1294 4269 sacerdotte‚
1316 4183 1351 4251 di
1367 4194 1459 4254 stare
1478 4188 1536 4253 un'

363 4403 375 4431 ο
412 4386 513 4444 Coluri
527 4406 582 4444 ms.

358 4577 370 4610 ⁹
407 4577 476 4631 Erat
489 4575 536 4631 hic
551 4575 583 4633 P.
604 4575 704 4632 Simon
722 4575 906 4634 Rodericius.
928 4577 1160 4648 Rtatnssrtzutn,
1186 4580 1256 4635 Vita
1278 4579 1385 4656 ignati
1404 4577 1533 4648 Loiolaa

306 4665 357 4722 lib.
372 4667 412 4738 11,
425 4683 489 4737 cap.
504 4681 532 4736 9.
