3500 5367
550 471 660 529 Crusn
680 473 907 528 Errsnusrunu
925 473 1033 529 Rosea
1319 469 1375 542 053

169 628 237 693 che
253 624 287 691 io
303 626 351 691 ho
367 625 453 691 fatto
469 646 490 691 o
505 626 601 691 detto
622 634 743 691 contra
763 624 798 691 di
819 626 905 706 loru,
923 648 992 693 non
1015 647 1100 692 sono
1122 646 1215 692 uere.
1241 626 1283 691 Et
1300 647 1361 712 per
1376 627 1410 691 la

170 740 281 809 verita
297 744 342 807 ho
359 741 444 807 fatto
460 751 592 826 questa,
611 740 822 807 sottoscritta
838 742 882 807 de
898 763 1001 808 mano
1016 742 1098 813 mia.

240 858 307 937 Y0,
326 854 503 923 Hisabella
522 859 642 937 Roser,
665 855 784 938 vinda,
808 858 951 927 affermo
971 859 1004 925 13
1024 857 1135 924 susdit
1157 859 1202 926 de
1217 880 1320 925 mano
1340 858 1411 924 mia

172 994 281 1060 propa
298 971 347 1039 b.»

241 1091 385 1157 Necnon
402 1087 491 1155 inter
506 1088 589 1155 alias
617 1087 862 1174 depositiones
882 1110 943 1176 per
958 1088 1084 1155 dictam
1107 1088 1281 1156 dominam
1302 1088 1408 1155 Hisa-

171 1206 298 1271 bellam
321 1203 356 1270 in
376 1202 477 1270 dictis
502 1202 588 1269 actis
615 1204 722 1270 saetas
750 1205 815 1269 sub
841 1203 897 1271 die
924 1204 1057 1272 decima
1084 1204 1203 1291 quinta
1229 1205 1408 1271 Februarii

172 1320 327 1389 eiusdem
349 1319 430 1386 anni
451 1333 546 1403 1547,
565 1318 776 1405 interrogata
795 1340 899 1408 super
914 1320 1067 1386 articulis
1086 1342 1149 1389 seu
1172 1319 1330 1406 capitulis
1346 1342 1411 1406 pro

172 1446 270 1522 parte
282 1434 372 1501 dicte
385 1432 567 1503 Societatis
582 1432 683 1514 datis,
698 1433 868 1503 videlicet:
886 1435 997 1523 Super
1013 1434 1135 1521 primo,
1150 1435 1224 1522 ipsa
1236 1438 1325 1502 Dna.
1341 1435 1407 1502 Hi-

172 1552 304 1619 sabella
319 1548 506 1636 respondit,
525 1570 563 1617 se
578 1560 701 1637 sponte
718 1549 854 1631 venisse
869 1551 913 1617 ad
930 1552 1072 1630 Urbem,
1094 1573 1173 1636 «per
1185 1552 1218 1617 13
1233 1550 1408 1617 deuotion’

173 1670 240 1731 che
257 1668 392 1732 haueua
408 1687 428 1731 a
445 1686 572 1733 messer
589 1664 735 1751 Ignati0,
754 1677 788 1733 et
808 1688 939 1734 messer
960 1665 1096 1753 Ignatio
1121 1688 1189 1733 non
1213 1668 1236 1732 l’
1261 1669 1305 1733 ha
1324 1668 1409 1733 satta

174 1781 295 1850 uenire
312 1804 332 1847 a
349 1783 491 1847 Roma.»

242 1899 340 1978 Item,
359 1909 393 1964 et
409 1920 512 1984 super
529 1896 697 1983 vigesimo
713 1896 822 1983 primo
839 1898 872 1963 in
893 1900 962 1966 fine
983 1898 1206 1985 interrogata,
1230 1900 1320 1965 inter
1343 1899 1410 1967 alia

174 2012 363 2099 respondit:
394 2014 540 2098 Questo,
569 2015 635 2079 che
659 2036 714 2080 me
741 2012 937 2083 dimandate
965 2016 1098 2095 adesso,
1124 2037 1179 2083 me
1207 2016 1231 2079 l'
1255 2017 1372 2081 hanno
1395 2028 1409 2055 0

173 2131 270 2197 detto
287 2128 534 2207 ultimarnente,
552 2128 745 2195 dicendomi
762 2149 890 2195 messer
906 2114 1069 2216 anirtio:
1091 2132 1243 2197 «Perche
1261 2130 1319 2197 uoi
1335 2130 1406 2199 dite

173 2248 239 2312 che
256 2246 384 2313 uolette
400 2246 452 2310 far
469 2254 685 2326 testament0,
705 2255 740 2312 et
756 2246 820 2311 che
836 2246 964 2311 volette
979 2248 1013 2313 la
1028 2246 1165 2313 licentia
1181 2247 1217 2312 in
1233 2246 1405 2333 scriptis»

173 2362 222 2427 lui
239 2360 407 2447 rispuose,
428 2358 480 2425 «io
496 2361 528 2425 la
544 2359 627 2427 dard
648 2371 851 2445 conquesta
874 2361 1083 2443 conditione,
1101 2363 1167 2429 che
1189 2362 1244 2429 voi
1266 2346 1410 2429 tacciate

173 2499 243 2544 vna
266 2476 384 2542 scritta
404 2474 418 2515 ‘¹
442 2496 501 2561 per
522 2497 623 2542 mano
646 2477 689 2544 de
713 2476 858 2556 notari0,
884 2478 949 2544 che
972 2478 1179 2563 approbasse
1203 2480 1317 2563 quello
1344 2482 1409 2545 che

173 2595 291 2659 hanno
308 2592 404 2659 detto
424 2590 455 2663 li¹
467 2591 605 2671 dottori,
625 2591 698 2658 cioe
723 2592 746 2657 il
762 2591 876 2658 dottor
904 2593 1041 2672 Torres‚
1066 2594 1153 2661 frate
1174 2594 1358 2661 Ambrosio
1375 2610 1411 2663 er

174 2710 262 2775 srate
280 2707 479 2773 Barbarano
494 2717 529 2773 et
545 2706 621 2773 altri
637 2708 726 2773 della
739 2706 931 2775 Minerua.»
947 2708 990 2773 Et
1007 2707 1042 2773 io
1054 2708 1078 2773 li
1091 2708 1242 2794 replicai:
1264 2710 1360 2777 «Che
1371 2732 1410 2777 se

173 2822 195 2887 l'
212 2826 394 2890 haueuano
406 2822 501 2890 detto
515 2845 534 2889 a
549 2825 656 2890 buon'
670 2824 751 2903 fine,
766 2824 832 2891 che
845 2822 878 2889 io
890 2824 913 2888 l'
932 2823 1071 2891 hauerei
1083 2826 1182 2906 fatt0;
1198 2824 1323 2905 sinon,
1340 2826 1407 2892 che

172 2938 207 3005 io
223 2938 364 3005 hauerei
380 2939 467 3004 fatto
483 2938 597 3023 quello
614 2940 680 3006 che
696 2940 728 3005 la
744 2938 954 3007 conscientia
969 2961 1024 3006 me
1040 2938 1183 3021 dittaua3
1201 2942 1220 3007 ὲ
1237 2943 1305 3007 ben
1323 2962 1407 3008 uero

172 3058 238 3121 che
254 3054 302 3135 lui
319 3076 373 3120 me
390 3054 481 3123 disse
498 3057 564 3121 che
580 3054 614 3121 io
630 3077 699 3121 non
715 3056 861 3122 lassasse
878 3054 995 3122 niente
1011 3056 1079 3123 alia
1094 3076 1174 3123 casa
1191 3078 1287 3123 sua.»

238 3172 336 3251 Item,
355 3169 500 3255 qualiter
517 3169 552 3236 in
568 3170 784 3237 examinibus
802 3170 940 3237 testium
958 3193 1018 3256 per
1035 3170 1215 3237 dominum
1237 3172 1407 3238 locumte-

173 3298 325 3366 nentem,
344 3307 399 3351 me
415 3285 547 3353 notario
574 3298 697 3372 rogato
717 3308 781 3372 pro
799 3299 895 3373 parte
918 3286 1112 3367 Societatis,
1135 3288 1406 3354 examinatorum

172 3424 252 3468 eum
284 3402 434 3469 materiis
465 3424 525 3487 per
551 3401 726 3468 dominum
755 3400 975 3505 Franciseum
1008 3402 1214 3481 Ferrarium,
1245 3414 1405 3489 nepotem

172 3516 280 3603 ipsius
297 3517 456 3585 dominae
469 3517 664 3585 Hisabellae
680 3529 860 3597 assertum,
875 3517 964 3584 datis
980 3520 1045 3583 sub
1061 3517 1117 3584 die
1134 3518 1300 3604 vigesima
1316 3541 1408 3585 nona

172 3632 286 3701 Martii
307 3650 403 3717 1547,
422 3633 511 3701 inter
526 3632 610 3699 alias
631 3632 870 3719 responsiones
891 3633 1050 3699 dominus
1072 3636 1198 3701 Petrus
1219 3634 1405 3714 Codacius,

171 3749 293 3835 eodem
309 3749 365 3817 die
381 3748 546 3835 repetitus
569 3747 676 3828 testiS,
694 3769 796 3835 super
814 3747 947 3814 decimo
971 3768 1064 3815 nono
1079 3760 1114 3816 et
1136 3748 1306 3834 vigesimo
1321 3751 1405 3816 arti·
1464 3835 1469 3845 .
1493 3762 1497 3770 '

171 3864 271 3945 culis,
290 3886 351 3950 pru
366 3874 463 3950 parte
483 3864 664 3933 societatis
680 3863 780 3943 datie,
795 3862 1041 3950 interrogatus,
1060 3863 1234 3950 respondit
1252 3876 1288 3933 et
1306 3864 1404 3931 dixit:

175 3980 293 4046 achei
311 3980 333 4045 il
350 4001 434 4049 uero
449 3980 557 4046 chela
573 3980 712 4065 signore
725 3979 901 4047 Hisabella
917 3979 1015 4046 uolse
1027 3981 1089 4045 dar
1104 4003 1124 4046 a
1140 4002 1269 4049 messer
1285 3982 1406 4067 ana·

172 4096 220 4161 tio
236 4106 339 4164 cento
355 4095 455 4163 scudi
470 4107 506 4164 et
522 4116 590 4162 una
605 4095 710 4177 mula;
730 4116 787 4163 ma
800 4093 849 4160 lui
873 4118 942 4161 non
963 4093 987 4160 li
1006 4096 1112 4175 uoise‚
1131 4107 1166 4161 et
1182 4095 1226 4163 lei
1243 4096 1335 4162 dono
1350 4096 1406 4182 poi

169 4212 203 4279 la
218 4212 311 4279 mula
331 4212 396 4279 3113
424 4211 539 4279 chiesa
562 4210 596 4278 di
620 4214 845 4292 Monserrat03
875 4222 971 4279 etse
998 4212 1194 4279 lamentaua
1220 4211 1406 4278 continua-

170 4337 287 4394 mente
304 4329 367 4395 che
384 4350 511 4396 messer
524 4328 674 4414 anatio
690 4349 760 4393 non
776 4328 900 4395 uoleua
916 4337 1066 4395 accettar
1082 4326 1198 4395 niente
1210 4328 1254 4393 da
1269 4328 1359 4413 ley.r

237 4445 333 4523 Item,
353 4443 498 4529 qualiter
513 4443 626 4510 dietus
642 4441 804 4510 dominus
817 4445 954 4523 Petrus,
972 4423 1206 4528 interrogatus
1223 4463 1284 4527 per
1295 4441 1407 4508 domi-

223 4608 238 4650 b
276 4604 495 4677 propriaaltar.
534 4617 582 4647 ...c
603 4620 649 4659 me
663 4604 760 4659 lhamo
773 4603 863 4659 ulter.
903 4606 953 4646 -d
973 4602 1009 4658 Iri
1021 4608 1074 4667 est,
1089 4620 1147 4658 una
1161 4602 1274 4657 iicenza
1292 4601 1406 4669 scritta3

171 4694 233 4749 nisi
244 4692 295 4749 cui
308 4692 451 4749 videatur
464 4693 637 4765 legendum:
653 4708 710 4748 vna
723 4692 870 4747 scrittura.
