3500 5367
449 481 603 538 Cassum
622 481 655 536 P.
676 481 797 537 Cattisu
817 493 850 536 ut
867 492 967 536 vireu
985 479 1016 536 S.
1037 482 1161 538 Iouam
1331 491 1387 549 717

180 636 272 701 dum
294 636 412 704 Kessel
433 657 513 702 cum
535 636 654 722 paucis
675 635 761 716 aliie,
791 646 831 702 ut
850 635 920 702 illic
948 611 1024 702 una'
1044 645 1272 712 morarentur,
1290 633 1422 721 primus

182 751 263 838 ipse
278 750 475 838 designauit
490 763 517 831 ²¹,
536 750 608 838 qui,
626 763 704 837 post
722 751 835 819 Patris
851 751 955 818 huius
970 750 1172 831 discessum,
1194 749 1297 817 uariis
1313 747 1419 816 ueluti

183 866 350 934 fluctibus
364 879 380 905 V
395 879 430 934 et
446 867 604 953 procellis
620 866 741 954 agitati
756 877 839 933 sunt
854 879 882 949 ¹,
897 865 991 954 prius
1006 887 1109 952 quam
1123 867 1267 944 fructus,
1282 862 1340 950 qui
1357 885 1421 950 po·

185 994 263 1049 stea
277 995 485 1050 consecutus
501 994 554 1078 est
570 983 748 1068 multiplex
763 995 790 1064 t,
809 993 997 1070 appareret.
1020 985 1074 1050 Ac
1102 993 1176 1050 erat
1203 981 1314 1048 Fabro
1334 979 1420 1046 mira

186 1099 355 1182 quaedam
384 1097 419 1162 in
448 1100 621 1184 precando
636 1094 824 1179 sedulitas,
855 1098 1055 1186 praesertim
1082 1119 1160 1164 cum
1181 1097 1217 1163 in
1233 1094 1420 1164 Germania

187 1225 398 1296 uersaretur,
414 1215 471 1281 ubi
488 1227 499 1255 ⁸
514 1213 659 1282 sollicite
674 1215 929 1283 commendauit
945 1215 1104 1296 Domino,
1124 1225 1196 1280 tum
1214 1211 1417 1300 generatim,

187 1340 264 1394 tum
279 1330 314 1395 in
330 1331 456 1416 specie,
475 1352 717 1417 germanorum
736 1331 1022 1399 incolumitatem.
1037 1333 1114 1421 Jam
1132 1328 1283 1416 regionis
1304 1337 1339 1396 et
1357 1348 1420 1413 op-

119 1486 125 1494 ·
187 1445 271 1532 pidi,
289 1445 325 1511 in
342 1468 410 1531 quo
426 1459 634 1527 uersaretur,
649 1447 787 1514 nomine
803 1447 932 1535 gratias
948 1448 1073 1534 agebat
1090 1469 1152 1533 pro
1169 1444 1320 1531 acceptis
1340 1455 1354 1484 ⁸
1365 1443 1419 1510 di-

188 1561 279 1628 uinis
293 1562 481 1644 beneficiis
496 1564 567 1648 jam
585 1563 810 1650 propeccatis
831 1562 1095 1630 inhabitantium
1116 1563 1299 1630 coelestem
1316 1559 1420 1628 mise-

188 1676 369 1743 ricordiam
385 1677 602 1764 implorabat;
622 1680 692 1764 jam
721 1680 930 1766 spiritualem
947 1679 1049 1746 simul
1069 1688 1103 1747 et
1121 1678 1341 1764 temporalem
1357 1677 1421 1742 be-

186 1791 430 1873 nedictionem,
444 1794 614 1880 praesenti
632 1797 725 1864 clero
736 1807 771 1862 et
787 1795 915 1882 populo
931 1796 1129 1881 exoptabat.
1157 1796 1305 1861 infracto
1328 1813 1420 1859 sem-

188 1930 249 1994 per
264 1919 403 1994 pectore
416 1909 526 1977 minas
542 1923 577 1976 et
592 1910 780 1978 calumnias
792 1910 1024 1999 quorumlibet
1041 1909 1312 1996 obstrepentium
1325 1907 1421 1976 exci-

186 2025 303 2110 piebat
319 2023 345 2104 b,
363 2047 442 2091 cum
459 2025 633 2094 didicisset
649 2029 814 2113 gaudere,
832 2026 862 2093 si
889 2049 950 2114 pro
973 2029 1058 2116 jesu
1086 2025 1222 2094 nomine
1238 2035 1421 2094 contume-

189 2139 270 2206 liam
287 2153 473 2236 pateretur.
505 2142 634 2225 Verum
651 2164 693 2209 ex
709 2143 763 2210 his
790 2154 1030 2230 excerpantur,
1048 2164 1137 2229 quae
1160 2141 1269 2228 magis
1290 2142 1421 2209 adrem

71 2317 76 2323 .
191 2256 307 2324 facere
323 2255 534 2324 uidebuntur
550 2260 575 2322 ⁶.
638 2331 653 2349 N

261 2374 347 2458 Pag.
367 2390 423 2454 72.
443 2376 471 2439 B
490 2375 576 2459 [Fol.
595 2392 672 2456 7-2v3
690 2375 714 2440 l.
734 2376 775 2455 11,
794 2396 870 2462 cap.
889 2375 996 2464 XVI].
1015 2375 1140 2443 Mirum
1166 2373 1274 2442 uideri
1294 2382 1421 2460 potest,

191 2488 285 2554 unde
301 2487 483 2554 Gouianus
502 2493 511 2520 ⁷
529 2489 572 2554 ad
588 2489 760 2576 ignatium
777 2490 950 2576 scripserit
966 2491 1009 2558 de
1029 2489 1190 2556 iuuandis
1211 2490 1314 2556 rebus
1334 2487 1424 2554 indi-

185 2601 380 2670 cis.>Credo
391 2625 469 2669 eum
483 2615 496 2644 ⁰
511 2627 553 2672 ex
568 2605 767 2692 Portugalia
783 2605 972 2692 scripsisse,
988 2627 1057 2672 non
1070 2605 1224 2686 Lutecia
1239 2626 1309 2689 qua
1325 2603 1369 2671 de
1385 2625 1423 2670 re

191 2729 309 2802 posset
325 2717 454 2803 aliquid
469 2719 611 2806 adiungi
632 2719 648 2760 ἁ
663 2721 707 2786 ad
723 2717 922 2807 scrupulum
939 2719 1057 2787 lectori
1074 2719 1292 2789 eximendum
1306 2721 1331 2784 ⁸.

262 2835 348 2920 Pag.
372 2853 447 2918 137.
470 2838 498 2901 B
523 2836 609 2923 [Fol.
634 2855 730 2920 137v;
748 2837 771 2903 l.
794 2838 854 2916 lV,
877 2859 909 2904 c.
934 2837 1017 2925 [1111.
1041 2837 1200 2904 Obscura
1222 2844 1303 2902 sunt
1325 2855 1414 2922 pror·

190 2970 252 3015 sus
268 2948 326 3016 illa
342 2951 461 3034 uerba,
483 2954 546 3020 «de
561 2952 661 3018 cuius
677 2933 856 3020 uoluntate
871 2951 1100 3039 diplomatis»,
1119 2937 1255 3033 etc.,'et
1266 2972 1357 3036 quae
1368 2970 1422 3017 se-

189 3076 357 3149 quuntar.

262 3182 350 3267 Pag.
373 3200 446 3264 114.
466 3185 494 3250 B
511 3183 594 3270 [Fal.
616 3202 713 3266 114v;
731 3184 754 3250 l.
782 3185 837 3266 lll,
856 3205 888 3251 c.
914 3184 1050 3273 XVlll].
1070 3185 1149 3250 Non
1169 3182 1252 3250 satis
1273 3181 1424 3269 explica-

242 3437 274 3465 a·
291 3423 359 3477 Hoc
370 3424 494 3479 rerbum
510 3425 633 3496 scripsit
652 3423 806 3490 canisius,
824 3428 883 3496 pro
905 3426 1010 3480 author
1023 3423 1091 3494 tuit,
1104 3425 1185 3494 qirad
1197 3427 1289 3478 antea
1307 3420 1423 3494 legeba-

187 3515 254 3566 tur.
296 3528 346 3554 -ν
364 3511 512 3568 fructibus
524 3529 581 3572 ms.
619 3530 669 3556 -κ
695 3514 790 3568 Verba
807 3513 911 3584 agitati
925 3523 994 3570 sunt
1010 3514 1132 3586 scripsit
1147 3512 1290 3568 Canisius
1299 3517 1359 3582 pro
1372 3527 1416 3565 ex·

187 3601 257 3673 poni
266 3612 428 3674 coeperunt
437 3605 516 3673 quod
527 3608 619 3658 antea
631 3603 800 3676 tegebatur.
839 3620 889 3658 -r
908 3604 973 3659 Hoc
985 3603 1110 3659 verbum
1124 3603 1247 3658 addidit
1263 3599 1417 3656 Canisius.

186 3705 235 3732 ..z
254 3690 306 3745 ubi
323 3693 444 3764 scripsit
464 3691 622 3747 Canisius:
639 3697 731 3748 antea
747 3693 905 3766 tegebatur
923 3710 968 3748 ac.
1006 3708 1055 3735 ..a
1073 3693 1139 3747 Hoc
1156 3691 1279 3747 uerbum
1297 3689 1418 3744 addidit

188 3777 342 3838 Canisius.
380 3785 431 3824 -b
450 3781 835 3852 Novemseaueatiaverba
848 3783 970 3838 addidit
985 3779 1138 3840 Canisius.
1177 3795 1225 3824 ...c
1263 3797 1331 3835 eum
1350 3779 1422 3834 scri·

184 3869 249 3937 psit
257 3867 400 3923 Canisius
408 3869 472 3924 loco
479 3869 563 3925 verbi
572 3869 735 3933 obliterati‚
743 3872 824 3941 quad
832 3871 955 3926 videtur
959 3869 1176 3942 fuisseautem.
1215 3871 1264 3911 -d
1279 3869 1421 3938 Quatuor

186 3958 344 4026 sequentia
357 3959 446 4013 verba
460 3961 581 4014 addidit
597 3958 755 4014 Canisius.

241 4176 254 4210 ⁶
290 4175 338 4230 Ct.
356 4173 495 4246 Cartasy
508 4180 590 4230 otras
602 4177 726 4231 escritos
738 4177 787 4232 del
800 4177 838 4231 Β.
853 4177 894 4230 P.
913 4176 1014 4230 Psdro
1028 4175 1135 4242 Fabro,
1153 4184 1175 4232 t.
1191 4174 1216 4244 1,
1229 4172 1350 4245 passim.

241 4268 252 4299 ⁷
290 4265 420 4335 jacobus
430 4265 623 4321 Gouveanus.

240 4355 252 4385 ¹⁸
289 4352 410 4407 Parisiis
423 4352 542 4425 quidem
558 4354 676 4426 scripsit
688 4354 869 4410 Gouveanus
883 4352 920 4408 ad
932 4351 1090 4424 Ignatium,
1105 4351 1193 4424 hujus
1207 4351 1303 4407 socios
1321 4349 1358 4405 ad
1377 4350 1420 4404 In·

184 4440 266 4496 diam
277 4441 454 4512 deposcens;
467 4459 534 4497 cum
548 4452 646 4498 autem
661 4443 702 4498 illi
717 4443 915 4514 significatum
928 4451 1020 4511 esset,
1035 4459 1096 4497 rem
1114 4458 1181 4497 esse
1197 4457 1264 4496 cum
1282 4439 1423 4511 pontifice

187 4547 240 4602 per
253 4530 423 4592 Lusitaniae
439 4541 585 4586 oratorem
599 4532 827 4603 transigendam,
843 4533 1024 4588 Gouveanus
1037 4531 1145 4602 Joanni
1158 4528 1199 4584 111
1216 4529 1345 4601 scripsit,
1362 4529 1422 4584 hic-

185 4636 246 4692 que
258 4620 434 4675 suooratori
452 4619 482 4674 in
495 4621 589 4692 Urbe,
608 4620 695 4676 Petro
709 4622 918 4676 Massareniae.
938 4620 985 4680 Cf.
1007 4621 1113 4676 Sancti
1131 4619 1284 4692 Ignatii...
1308 4617 1424 4690 Episto-

186 4709 248 4776 taa,
262 4709 285 4778 l,
301 4707 361 4782 132,
375 4707 507 4779 737-743.
