3500 5367
378 361 560 419 Responsio
579 362 613 419 P.
636 362 786 419 Mnunnnr
804 376 849 419 an
868 361 903 417 P.
924 361 1069 419 ercrcn
1087 372 1276 419 nosrmara
1357 370 1427 429 5¹¹·

198 514 370 583 dominae
386 515 534 583 loannae
549 514 748 595 Caietanae,
767 514 897 597 audiui,
916 516 1008 602 quod
1025 524 1178 601 tempore
1199 511 1442 601 congregatio·

205 630 263 699 nis
277 641 433 715 quartae,
451 631 517 697 sub
538 642 673 716 tempus
689 628 866 699 electionis
881 630 1066 718 generalis,
1083 628 1216 698 viderat
1231 628 1287 696 ille
1309 630 1352 698 B.
1375 630 1444 695 Pa·
1526 662 1531 672 ⁴

200 760 297 815 trem
314 756 470 813 nostrum
491 756 710 833 apparentem
727 744 793 813 sibi
813 767 893 813 cum
913 747 1021 813 altero
1042 746 1190 831 quodam
1211 744 1413 831 designasse
1433 755 1446 783 ¹

209 865 252 929 P.
283 860 467 928 Claudium
496 860 683 945 Aquauiua
696 856 798 929 'velle
824 884 862 930 se
889 863 1016 930 habere
1043 881 1290 941 successorem;
1320 869 1356 929 et
1379 862 1444 926 hoc

206 977 336 1063 ipsum,
359 976 388 1042 si
409 987 504 1045 recte
525 977 651 1057 recolo,
675 976 842 1044 indicauit
868 976 972 1044 etiam
1000 975 1096 1044 fratri
1123 987 1241 1043 nostro
1265 975 1445 1043 Ludouico

207 1095 328 1180 Iappy;
347 1091 431 1159 alias
448 1092 727 1160 circumstantias
742 1112 812 1159 non
829 1103 943 1163 teneo.
959 1092 1083 1161 Melius
1095 1092 1151 1159 ille
1163 1091 1289 1179 poterit
1302 1091 1443 1172 referre,

200 1208 313 1275 sicuti
341 1218 376 1276 et
403 1208 446 1274 de
474 1209 622 1293 quadam
650 1219 805 1276 matrona
830 1208 1024 1293 florentina,
1054 1229 1143 1294 quae
1166 1218 1240 1275 tum
1266 1206 1446 1275 dicebatur

201 1323 356 1392 similem
374 1321 536 1391 habuisse
552 1324 813 1410 apparitionem.

279 1458 311 1522 7.
360 1442 414 1509 De
431 1442 471 1507 P.
491 1438 670 1507 Ludouico
690 1441 875 1521 GonzaleS,
899 1441 991 1528 quod
1011 1440 1134 1508 dixerit
1156 1443 1198 1507 B.
1222 1441 1360 1507 Patrem
1381 1460 1446 1505 no·

201 1566 320 1621 strum
337 1554 471 1641 abipso
488 1554 594 1623 fuisse
610 1554 721 1623 visum
737 1554 772 1621 in
789 1548 956 1637 oratione,
974 1578 1036 1623 seu
1056 1556 1121 1643 ipsi
1141 1554 1353 1642 apparuisse,
1365 1574 1446 1621 non

209 1670 350 1737 memini
366 1693 421 1739 me
445 1670 632 1752 audiuisse3
655 1671 745 1738 sicut
764 1694 833 1738 non
857 1670 975 1739 audiui
996 1671 1195 1760 apparuisse
1218 1674 1257 1738 P.
1283 1668 1446 1738 Cornelio

207 1786 441 1854 Wischauen.
835 1867 842 1880 ·

279 1904 312 1968 8.
361 1904 466 1987 Quod
485 1904 529 1969 ad
549 1924 683 1970 sacrum
705 1902 780 1971 eius
807 1904 946 1984 attinet,
975 1901 1093 1971 videor
1121 1904 1324 1972 obseruasse
1351 1902 1447 1987 quod

206 2018 315 2105 paulo
330 2018 475 2104 amplius
492 2040 594 2104 quam
613 2020 732 2085 horam
754 2018 925 2088 ordinarie
944 2020 1096 2099 duraret,
1119 2019 1281 2104 quoniam
1293 2020 1447 2119 ‘crebrae

207 2132 338 2201 mentis
364 2133 577 2202 eleuationes
605 2146 641 2201 et
666 2134 837 2221 lacrymae
857 2156 937 2201 eum
959 2134 1204 2223 impediebant,
1225 2156 1315 2219 quae
1342 2156 1447 2200 causa

202 2260 310 2317 erant
325 2259 362 2315 vt
378 2249 487 2316 rarius
504 2251 704 2334 celebraret,
722 2249 920 2337 praesertim
936 2250 973 2317 in
988 2250 1139 2337 publico.
1162 2250 1361 2318 Accedebat
1384 2250 1448 2316 im-

207 2365 446 2452 pedimentum
468 2364 653 2434 debilitatis
676 2386 746 2431 non
766 2364 956 2433 minimum:
980 2365 1062 2432 hinc
1083 2388 1143 2452 per
1165 2365 1291 2432 multos
1312 2388 1449 2433 menses

209 2481 262 2549 fui
277 2480 401 2549 solitus
417 2482 487 2550 fere
503 2480 655 2567 quotidie
672 2502 786 2549 coram
803 2481 877 2568 ipso
898 2482 1072 2550 celebrare
1092 2481 1127 2547 in
1150 2482 1275 2548 sacello
1296 2482 1444 2568 priuato.

207 2600 289 2685 Ipse
310 2608 423 2664 tamen
444 2598 545 2665 valde
571 2596 755 2683 diligenter
781 2598 940 2680 cauebat,
969 2620 1013 2665 ne
1040 2596 1224 2667 Societatis
1250 2599 1447 2665 sacerdotes

206 2713 420 2781 excederent
436 2710 582 2779 mediam
599 2714 731 2794 horam;
751 2726 785 2781 et
801 2714 964 2798 quamdiu
981 2713 1030 2779 fui
1046 2714 1080 2779 in
1098 2715 1205 2794 Urbe,
1228 2734 1362 2799 semper
1378 2711 1447 2778 vidi

207 2826 402 2906 aedituum,
432 2828 487 2896 vel
508 2850 587 2897 eum
609 2826 668 2914 qui
689 2828 813 2896 missae
834 2827 1064 2909 ministrabat,
1086 2829 1299 2915 clepsydram
1321 2829 1449 2896 habere

210 2943 309 3010 iuxta
336 2943 442 3012 altare
469 2942 628 3029 positam,
648 2954 685 3009 vt
713 2952 846 3010 notaret
866 2955 900 3010 et
921 2945 1070 3012 deferret
1089 2967 1161 3025 eos,
1185 2944 1243 3029 qui
1271 2944 1326 3010 vel
1346 2942 1445 3010 mini·

212 3081 307 3125 mum
323 3072 333 3099 ⁵
349 3059 567 3139 excederent,
586 3059 642 3129 vel
658 3058 760 3125 nimis
775 3060 900 3127 breues
916 3071 1043 3127 essent.

277 3198 310 3263 9.
361 3175 465 3260 Quod
485 3174 608 3241 attinet
632 3174 676 3240 ad
701 3174 1019 3261 praefatiunculam,
1045 3197 1135 3261 quae
1162 3175 1383 3263 praeponitur
1407 3175 1450 3241 li-

205 3292 300 3357 bello
327 3288 587 3371 exercitiorum,
618 3288 717 3355 cuius
744 3301 805 3358 est
828 3289 963 3357 initium
991 3294 1101 3379 (Haec
1133 3293 1338 3359 documenta
1366 3294 1446 3377 etc.)

202 3406 435 3493 compositam
454 3406 559 3473 fuisse
576 3404 694 3472 audiui
716 3426 734 3471 a
751 3407 791 3473 P.
810 3407 952 3473 Andrea
968 3407 1103 3489 Frusi0;
1128 3406 1184 3473 alii
1204 3406 1306 3474 etiam
1328 3409 1447 3499 dicunt

186 3546 229 3617 ¹a
253 3526 293 3590 P.
317 3521 442 3589 Fuluio
462 3522 626 3603 Cardulo,
650 3522 710 3588 sed
732 3520 944 3607 recognitam
973 3545 992 3589 a
1014 3526 1055 3590 P.
1086 3525 1212 3590 Ioanne
1240 3524 1392 3591 Polanco
1421 3527 1446 3589 ³.

208 3638 385 3707 Exercitia
404 3659 508 3724 porro
528 3638 601 3723 ipsa
621 3636 690 3702 vidi
711 3636 876 3723 impressa
898 3638 1038 3706 viuente
1061 3642 1101 3707 Β.
1132 3640 1233 3707 Patre
1261 3651 1390 3720 nostro;
1414 3654 1450 3705 et

209 3754 316 3821 hodie
332 3764 429 3820 extat
444 3754 479 3819 in
494 3754 560 3819 hac
576 3751 754 3839 prouincia
768 3753 963 3839 exemplum
980 3752 1015 3819 in
1032 3756 1127 3823 Urbe
1143 3754 1343 3842 impressum
1359 3777 1450 3821 anno

214 3872 313 3955 1548.
342 3871 384 3936 Et
410 3871 450 3937 P.
478 3846 828 3949 loannes'Polancus,
854 3868 890 3934 in
909 3869 1112 3957 compendio
1133 3892 1246 3937 rerum
1267 3870 1450 3940 Societatis

210 4008 322 4072 vsque
339 3986 382 4053 ad
402 4006 531 4052 annum
553 4000 648 4068 1550,
666 3987 770 4050 refert
787 3984 969 4067 Exercitia,
987 3997 1164 4073 precatore
1180 3988 1268 4054 duce
1288 3988 1331 4054 de
1351 3988 1450 4054 Gan-

204 4102 269 4188 dia
285 4103 354 4168 don
370 4096 554 4168 Francisco
576 4122 595 4166 a
614 4098 740 4183 Eoriia,
760 4098 864 4168 fuisse
881 4123 901 4167 a
921 4102 1029 4169 Paulo
1051 4124 1070 4187 3
1092 4104 1289 4190 approbata,
1313 4114 1347 4172 et
1369 4125 1450 4169 cum

266 4278 278 4305 r
315 4262 494 4332 assignasse.
532 4276 581 4303 -s
600 4258 733 4317 nimium.

213 4360 428 4370 ...—

267 4408 279 4440 ⁸
316 4403 554 4460 Praefatiuncula
567 4404 640 4457 haec
652 4402 762 4473 legitur
774 4401 895 4473 quidem
911 4402 942 4459 in
960 4406 1060 4461 latinis
1078 4406 1293 4462 Exercitiorum
1314 4406 1452 4461 editioni·

207 4498 269 4553 bus
287 4503 355 4567 post
372 4492 466 4550 libelli
483 4492 721 4583 approbationem
743 4490 889 4547 omittitur
905 4502 1004 4550 autem
1024 4496 1054 4550 in
1075 4497 1240 4551 vernaculis
1259 4495 1450 4565 editionibus,

205 4601 286 4658 quas
299 4582 438 4639 vidimus.
454 4582 540 4638 Diem
555 4580 683 4654 praefert
697 4580 754 4632 ‹er
768 4579 837 4635 idus
853 4582 981 4653 Augusti
996 4586 1207 4639 lIDXLl'Illn.
