3500 5367
375 552 539 621 Quaenam
558 565 601 607 nn
621 552 651 607 S.
673 554 806 607 tonario
825 567 845 607 a
865 554 994 609 Maroni
1012 567 1165 609 nnnnnm
1267 573 1271 579 ·
1298 557 1362 621 561,

216 706 298 772 Non
313 706 424 773 hauea
445 705 478 773 la
498 726 560 773 sua
582 706 696 773 tauola
715 716 854 791 coperta
869 728 937 773 con
957 707 1057 774 alcun
1075 728 1200 793 panno,
1219 728 1275 773 ma
1295 728 1386 779 sem-

143 820 241 907 plice
258 844 277 889 e
292 821 397 902 nuda3
416 830 452 889 et
467 822 570 908 pochi
585 820 662 887 libn'
678 832 802 889 teneua
817 821 854 888 in
869 844 1016 890 camera.

220 938 299 1003 Vna
323 936 416 1002 uolta
440 936 538 1005 entri)
562 935 586 1001 il
611 940 651 1003 P.
681 937 816 1023 Ignatio
838 937 873 1003 in
898 958 1033 1005 camera
1055 939 1112 1008 del
1137 942 1178 1007 P.
1208 938 1387 1006 Girolamo

145 1055 283 1134 Otello‚
302 1076 321 1121 e
337 1052 438 1119 trouo
453 1052 464 1117 i
481 1051 557 1119 libri
573 1062 608 1120 et
624 1053 710 1121 altre
725 1073 804 1120 cose
820 1054 901 1119 mal'
919 1055 1140 1123 accomodate
1160 1076 1265 1141 sopra
1284 1055 1317 1120 la
1333 1064 1386 1121 ta—

146 1168 245 1247 uola,
265 1169 354 1234 onde
369 1166 403 1233 in
421 1167 610 1255 penitentia
632 1171 666 1234 lo
689 1172 765 1236 fece
780 1168 927 1255 pigliare
946 1170 1059 1255 quelle
1079 1191 1173 1251 cose,
1191 1180 1227 1237 et
1242 1179 1389 1239 mettere

148 1294 244 1371 totte
265 1283 408 1353 insieme
424 1283 460 1351 in
481 1306 528 1350 un
545 1306 657 1365 saccO,
676 1295 711 1353 et
731 1284 802 1351 cosi
819 1284 873 1350 dir
889 1286 922 1351 la
942 1307 1006 1352 sua
1028 1287 1126 1373 colpa
1147 1286 1181 1352 in
1199 1286 1387 1366 refettorio,

148 1402 182 1465 la
203 1401 305 1485 quale
321 1401 354 1467 al
370 1411 486 1487 tempo
501 1401 557 1469 del
575 1404 614 1467 P.
633 1400 768 1486 Ignatio
788 1400 817 1465 si
841 1400 964 1468 diceua
979 1401 1016 1467 in
1031 1402 1176 1489 pulpito,
1194 1400 1338 1469 comesi
1355 1401 1390 1468 fa

150 1517 294 1585 adesso.

224 1632 271 1697 Al
291 1641 407 1718 tempo
428 1632 482 1699 del
502 1634 541 1699 Ρ.
560 1631 694 1717 Ignatio
715 1652 785 1696 non
806 1630 835 1697 si
857 1653 987 1698 sonaua
1004 1634 1048 1699 ne
1064 1632 1097 1699 al
1117 1632 1255 1715 leuarsi,
1274 1633 1318 1698 ne
1335 1632 1391 1698 all’

150 1746 323 1829 oratione,
341 1750 386 1813 ne
402 1747 434 1813 al
451 1768 596 1829 essame;
615 1769 670 1813 ma
686 1748 825 1833 quando
842 1768 902 1813 era
917 1757 1033 1834 tempo
1049 1747 1084 1813 di
1100 1748 1238 1828 leuarsi,
1257 1749 1402 1823 andana,

151 1862 215 1951 [lo]
234 1863 444 1949 suegliatore
459 1884 521 1949 per
535 1883 670 1929 camere
686 1885 706 1931 e
722 1862 797 1929 cosi
819 1862 867 1949 gli
888 1862 1082 1949 suegliaua.
1100 1862 1163 1929 Poi
1179 1862 1334 1949 ogniuno
1349 1864 1394 1929 da

153 2001 195 2047 se
213 1980 335 2046 saceua
350 1979 383 2045 la
399 2000 461 2045 sua
477 1979 630 2046 oratione
647 1989 681 2045 et
693 2000 825 2045 essame
841 1982 979 2063 quando
995 2002 1054 2045 era
1067 1992 1193 2065 tempo;
1208 1990 1243 2046 et
1259 1980 1393 2047 sentina

153 2097 190 2162 la
207 2116 332 2175 messa,
351 2106 447 2181 parte
463 2096 634 2163 seruendo
649 2095 693 2161 ad
714 2116 790 2163 esse
811 2094 846 2159 in
862 2094 990 2173 chiesa,
1010 2107 1106 2179 parte
1127 2096 1359 2161 ascoltandola
1375 2119 1395 2161 a

154 2213 255 2277 buon
277 2212 374 2289 hora,
393 2231 490 2277 come
507 2212 673 2277 saceuano
689 2209 737 2297 gli
753 2210 889 2277 officiali
905 2210 940 2276 di
957 2232 1048 2277 casa.

229 2327 378 2411 Quando
395 2326 448 2411 poi
465 2347 523 2394 era
540 2338 654 2411 tempo
670 2325 704 2391 di
723 2348 860 2411 pranso,
875 2328 1010 2392 andaua
1028 2348 1097 2392 uno
1110 2349 1170 2413 per
1185 2326 1300 2392 alcuni
1316 2328 1396 2392 luo-

158 2442 225 2529 ghi
247 2442 306 2527 pici
334 2442 499 2509 eminenti
520 2464 539 2509 e
560 2440 736 2528 principali
758 2464 822 2507 con
846 2464 914 2509 una
935 2442 1148 2527 campanella
1167 2441 1203 2509 in
1223 2464 1338 2522 mano,
1361 2453 1396 2508 et

158 2558 235 2624 cosi
252 2579 381 2624 sonaua
397 2580 416 2623 a
433 2559 560 2636 moola,
578 2558 643 2623 alla
666 2558 767 2641 quale
788 2578 924 2643 sempre
940 2557 969 2623 si
985 2556 1137 2643 leggeua
1152 2558 1300 2642 qualche
1316 2578 1396 2623 cosa

159 2683 297 2743 mentre
314 2673 543 2759 mangiauano
560 2674 609 2758 gl'
627 2672 716 2737 altri.

233 2792 274 2857 P.
294 2789 426 2874 Ignatio
448 2788 631 2873 mangiaua
653 2798 937 2873 separatamente3
960 2804 995 2855 et
1011 2790 1045 2854 la
1067 2788 1209 2854 mattina
1230 2787 1399 2874 pochissi-·

162 2927 234 2987 mo,
252 2906 284 2969 la
301 2926 376 2971 sera
397 2926 484 2989 poco
505 2904 574 2989 pio,
594 2926 648 2969 ma
665 2904 770 2968 molto
787 2918 1016 2988 parcamente.
1037 2904 1173 2972 Ueniua
1195 2908 1278 2988 peri)
1295 2904 1330 2969 in
1348 2905 1399 2968 al-

161 3042 255 3087 cune
272 3020 358 3087 feste
374 3018 550 3105 principali
567 3041 587 3084 a
604 3018 758 3103 mangiar
780 3040 845 3083 con
859 3018 951 3084 altri.

233 3133 417 3201 Rarissime
439 3134 531 3200 uolte
552 3136 591 3199 P.
612 3133 745 3219 lgnatio
774 3134 893 3200 usciua
922 3134 957 3199 di
981 3156 1117 3203 camera
1137 3159 1157 3201 a
1178 3132 1400 3222 spaseggiare

166 3272 228 3339 per
245 3250 268 3315 il
284 3250 443 3337 giardino
459 3250 547 3317 della
564 3270 654 3316 casa.

762 3408 812 3483 22

404 3538 640 3621 QUAEDAM
666 3537 728 3601 DE
752 3536 944 3603 SANCTO
970 3537 1166 3602 IGNATlO

459 3674 481 3719 Α
506 3672 713 3719 oexnmcro
739 3672 876 3718 tranant
903 3672 1073 3717 sannam
1099 3655 1105 3683 ¹

779 3818 800 3879 Τ

277 3936 507 3995 RELAZlONE
527 3935 568 3989 Dl
589 3935 752 3991 ALCUNE
770 3933 871 3991 COSE
891 3936 933 3989 DI
953 3935 990 3988 N.
1011 3937 1044 3989 B.
1065 3936 1098 3988 P.
1120 3935 1289 3993 IGNAZIO

237 4066 286 4145 10,
304 4066 493 4131 Benedetto
511 4062 656 4142 Maroni,
671 4061 703 4127 al
719 4072 876 4147 presente
888 4060 923 4125 di
940 4062 995 4127 etei
1012 4061 1046 4126 di
1062 4062 1144 4127 anni
1162 4078 1217 4144 75,
1232 4062 1404 4129 ritrouan·

170 4181 264 4249 domi
281 4181 314 4245 in
333 4182 442 4247 Roma
457 4176 479 4243 l'
496 4200 586 4244 anno
602 4178 693 4243 eirca
714 4192 810 4259 1545,
830 4178 976 4243 essendo
991 4178 1048 4243 ch’
1067 4176 1100 4243 io
1120 4176 1323 4245 desiderauo
1340 4179 1401 4245 im·

59 4294 60 4297 ’
171 4318 292 4384 parare
309 4296 454 4382 qualche
470 4316 550 4360 cosa
567 4293 656 4359 nella
672 4290 882 4377 professione
902 4292 958 4357 del
978 4293 1161 4377 disegnare
1182 4303 1217 4363 et
1238 4294 1404 4374 scultura‚

60 4418 62 4429 '
171 4413 219 4479 mi
236 4422 432 4480 tratteneuo
448 4410 484 4475 in
500 4410 619 4488 Roma,
638 4419 673 4475 et
693 4406 727 4471 in
744 4408 838 4473 detto
856 4418 972 4493 tempo
992 4409 1019 4473 si
1042 4408 1131 4475 senti
1153 4409 1407 4493 publicamente

171 4552 235 4615 per
251 4530 358 4594 Roma
374 4530 438 4593 che
460 4544 497 4591 12
515 4524 620 4590 buoni
644 4522 792 4608 religiosi
811 4522 837 4588 si
854 4544 917 4588 son
935 4523 1037 4589 moesi
1054 4546 1113 4608 per
1130 4524 1152 4589 il
1175 4526 1249 4591 zelo
1270 4524 1305 4590 di
1325 4524 1404 4603 Dio,

231 4782 238 4813 ¹
276 4777 321 4830 Ex
335 4774 514 4847 apographo,
529 4773 558 4827 in
571 4770 673 4826 codice
689 4770 833 4827 Memorie
847 4770 944 4839 varie,
957 4770 988 4825 ff.
1005 4771 1100 4840 14-18.
1555 4762 1681 5076 r

309 4872 411 4917 Moron.
426 4869 639 4916 Ionan-Sanies
653 4866 701 4923 Ν,
716 4877 772 4911 τωι.
788 4866 810 4911 1.
1246 4873 1273 4914 ac,
1556 4914 1563 4942 ,1

1557 5115 1560 5125 ,

1545 5129 1562 5224 l
