3500 5367
527 426 575 478 Da
594 435 686 482 acris
705 422 736 478 S.
758 424 882 479 11111111
901 439 920 479 n
940 424 1162 478 Rrsnnunmnn
1369 414 1426 486 359

221 577 487 661 prouoluerent,
505 588 539 645 et
555 576 765 662 gemebundi
782 588 818 642 et
829 575 990 661 lacrymis
1001 572 1131 661 perfusi
1142 584 1179 641 et
1190 571 1378 659 praepediti
1391 572 1464 637 sin-

221 691 385 777 gultibus
400 692 461 759 uix
476 702 618 778 possent
631 712 714 777 prae
730 692 848 759 dolore
865 702 1005 777 peccata
1017 712 1081 757 sua
1093 688 1262 756 confiteri.
1276 689 1382 773 Quod
1396 690 1470 754 Pa·-

225 820 284 873 ter
296 808 446 892 Laynez,
461 820 544 873 nanc
556 806 692 891 quidem
705 805 953 875 confessarium
969 826 1091 892 agens,
1105 824 1199 870 nunc
1211 823 1295 871 uero
1308 803 1464 871 Societa—

227 921 274 988 tis
291 922 521 1009 praepositum
538 923 747 1008 generalem,
765 943 869 1007 saepe
886 919 968 987 mihi
985 920 1271 987 affirmauit-R.

179 1028 182 1033 ⁴
296 1038 352 1119 48.
375 1090 378 1095 .
400 1039 505 1105 Anno
527 1053 610 1123 1549
626 1047 794 1105 euocatus
810 1058 887 1105 sum
904 1057 972 1123 ego
986 1036 1084 1103 iussu
1108 1034 1232 1114 PatriS,
1256 1034 1403 1100 Patauio
1427 1032 1463 1098 in

223 1151 382 1222 Siciliam
400 1153 638 1241 nauigaturus.
655 1153 747 1219 Cura
763 1163 879 1219 autern
896 1154 1039 1219 Romam
1056 1149 1241 1232 uenissem,
1261 1149 1377 1233 ibique
1401 1148 1463 1215 ali-

224 1280 314 1353 quot
326 1266 400 1335 dies
412 1268 456 1358 ad
468 1268 687 1335 recreandam
700 1265 944 1345 ualetudinem,
954 1288 997 1333 ex
1009 1265 1139 1335 recenti
1151 1266 1272 1332 morbo
1284 1264 1462 1343 afflictam,

225 1404 470 1463 commorarer,
488 1382 658 1468 quaesiuit
674 1404 717 1450 ex
734 1406 790 1451 me
806 1384 909 1451 Pater
923 1382 1008 1467 quid
1023 1382 1067 1449 de
1082 1381 1203 1447 ordine
1221 1381 1357 1458 domus,
1380 1380 1462 1465 quid

221 1500 271 1565 de
289 1500 393 1564 rebus
405 1498 488 1563 mihi
505 1498 693 1578 uideretur,
711 1518 801 1583 quae
816 1498 956 1583 quidem
973 1508 1089 1566 essent
1105 1507 1182 1583 post
1197 1516 1312 1563 meum
1331 1495 1462 1562 abitum

227 1624 291 1703 aut
309 1626 459 1679 niutatae
475 1624 535 1679 aut
556 1614 671 1681 denuo
692 1623 701 1654 ¹
719 1612 911 1694 institutae3
931 1634 1081 1697 cumque
1102 1611 1209 1692 Patri,
1231 1612 1332 1690 bene,
1356 1608 1462 1676 dixis—

226 1751 318 1809 sem;
335 1728 449 1795 omnia
466 1728 549 1795 mihi
566 1729 701 1815 placent
718 1740 765 1809 et,
787 1729 825 1795 ut'
844 1750 960 1815 spero,
985 1727 1137 1814 quotidie
1159 1728 1195 1792 in
1215 1726 1337 1793 melius
1356 1727 1464 1812 profi-

226 1844 336 1925 cient3
353 1845 399 1911 ad
414 1846 500 1911 haec
517 1845 631 1910 Pater:
650 1843 680 1909 si
693 1840 839 1911 biuimos
850 1843 926 1910 diez
937 1853 1035 1923 anos,
1050 1844 1177 1922 Pedr0,
1191 1843 1388 1910 anemosda
1401 1862 1461 1907 uer
1539 1861 1543 1884 ¹

224 1960 380 2045 grandes
399 1978 498 2025 cosas
517 1982 561 2027 en
582 1958 614 2025 la
636 1958 922 2045 Compania.—Si
939 1958 1187 2026 biuimosi-Si
1201 1956 1292 2023 birris
1314 1978 1388 2035 uos,
1412 1957 1463 2023 las

224 2074 353 2154 nereis,
370 2094 439 2159 que
454 2096 498 2159 yo
515 2095 582 2140 non
599 2073 719 2159 pienso
736 2073 825 2140 biuir
841 2085 950 2140 tanto.
966 2075 1064 2141 Haec
1079 2074 1124 2140 ad
1137 2074 1295 2161 uerbum:
1310 2083 1345 2140 et
1359 2075 1462 2139 Pater

224 2186 368 2275 quidem
386 2190 444 2255 uix
458 2201 579 2275 postea
596 2206 616 2272 7
636 2189 788 2275 expleuit
809 2210 930 2270 annos,
952 2189 1114 2273 quoniam
1135 2189 1220 2255 obiit
1247 2190 1332 2272 1556
1354 2187 1463 2273 pridie

223 2304 390 2371 calendas
407 2304 572 2391 Augusti,
590 2316 626 2372 et
642 2306 727 2373 haec
743 2304 827 2371 mihi
844 2304 930 2371 dixit
944 2305 1011 2371 sub
1031 2305 1135 2371 finem
1158 2304 1382 2390 Septembris
1406 2303 1462 2369 uel

224 2420 393 2487 Octobris
408 2419 556 2502 initium,
573 2420 655 2487 anni
676 2436 772 2509 1549.
791 2421 862 2489 Sed
882 2420 1005 2487 abillo
1026 2433 1181 2506 tempore
1201 2442 1256 2489 res
1277 2418 1464 2489 Societatis

223 2535 317 2629 mire
331 2546 454 2603 auctae
469 2548 550 2603 sont
566 2547 602 2602 et
617 2536 854 2622 amplificatae,
868 2547 904 2603 et
916 2536 1005 2604 intra
1017 2537 1136 2603 decern
1149 2536 1225 2602 illos
1235 2556 1357 2615 annos,
1374 2556 1463 2619 quos

223 2654 333 2719 Pater
348 2650 517 2739 praedixit
532 2664 558 2732 ¹¹,
576 2652 757 2720 innumera
773 2673 863 2737 pene
877 2652 1027 2739 collegia
1042 2664 1115 2719 toto
1131 2652 1215 2720 orbe
1230 2663 1345 2719 erecta
1366 2662 1460 2729 sunt,

220 2779 264 2835 et
280 2766 409 2835 Christi
424 2788 549 2836 nomen
567 2788 627 2855 per
644 2768 763 2843 Patres
779 2778 918 2833 nostros
938 2767 1040 2834 etiam
1060 2768 1096 2833 111
1112 2770 1291 2857 Japonem.
1313 2765 1461 2833 Chinam

219 2894 265 2951 et
280 2881 464 2949 brasilaeas
479 2882 639 2969 regiones
655 2884 806 2951 delatum
823 2885 979 2951 est-R.

296 3016 351 3086 49.
401 2998 489 3065 Cum
505 2997 644 3084 quidam
666 3000 769 3065 Pater
789 3020 832 3065 ex
853 2998 979 3064 nostris
1000 3019 1070 3063 non
1090 2999 1280 3066 secundum
1303 2996 1460 3083 spiritum

221 3112 430 3191 ambularet,
445 3114 506 3179 sed
517 3134 538 3179 a
550 3124 643 3181 recta
655 3112 870 3182 obedientiae
885 3112 1019 3179 ratione
1033 3113 1243 3192 deflecteret,
1259 3134 1384 3197 neque,
1397 3114 1460 3179 ad-

221 3226 378 3293 monitus
391 3249 414 3294 a
431 3230 533 3296 Patre
549 3228 696 3315 IgnatiO,
715 3250 827 3314 neque
844 3231 1107 3315 repraehensus,
1121 3250 1159 3296 se
1170 3239 1387 3315 agnosceret,
1401 3248 1458 3295 es·

219 3354 349 3427 setque
359 3344 508 3427 quodam
519 3343 575 3411 die
588 3344 826 3413 Barchinonae
839 3342 991 3413 uisendis
1002 3355 1107 3429 atque
1119 3344 1304 3410 adorandis
1319 3354 1459 3410 sancto·

221 3478 304 3525 rum
320 3458 526 3543 quibusdam
543 3458 695 3545 reliquiis
711 3470 912 3545 occupatus,
931 3460 1066 3526 uultum
1086 3460 1121 3525 in
1145 3459 1218 3545 ipsa
1238 3459 1460 3543 reliquiarum

218 3574 422 3643 ostensione
438 3575 546 3643 ueluti
567 3574 715 3643 hominis
735 3576 821 3643 uidit
843 3589 974 3643 trucem
996 3587 1209 3662 aspectuque
1225 3575 1406 3654 minacem,
1424 3584 1460 3643 et

220 3690 362 3775 flagella
376 3689 616 3773 intentantem,
629 3702 666 3761 et
682 3707 834 3760 extrema
849 3692 894 3759 de
910 3690 1061 3771 homine,
1075 3691 1111 3757 ni
1127 3689 1355 3776 resipisceret,
1374 3712 1458 3776 sup·
1520 3753 1523 3760 .

220 3804 328 3893 plicia
351 3826 390 3871 se
418 3817 635 3892 sumpturum
663 3806 894 3893 pollicentem.
919 3824 962 3889 24
982 3804 1161 3873 Februarii
1188 3821 1273 3889 1554
1292 3806 1366 3891 ipse
1391 3807 1460 3871 Pa-

222 3917 282 3985 tri·
293 3922 373 3991 ‘R'
1219 3940 1224 3945 .
1275 3941 1278 3947 ,

294 4054 348 4119 5ο.
395 4036 489 4105 Huic
504 4038 607 4107 affine
622 4048 675 4107 est
691 4038 787 4119 illud,
805 4038 911 4123 quod,
926 4058 1004 4105 cum
1018 4040 1123 4105 Pater
1133 4048 1250 4104 noster
1268 4026 1369 4103 toties
1382 4056 1459 4101 mo-

220 4150 334 4219 destia
353 4153 510 4235 affectus,
534 4152 637 4221 toties
656 4154 829 4241 appetitus
849 4156 894 4221 ab
914 4156 983 4221 hoc
1004 4156 1122 4235 Patre,
1144 4154 1313 4238 lacrymas
1331 4152 1457 4219 uberri-

219 4286 298 4334 mas
315 4268 486 4348 funderet,
504 4280 609 4355 atque
623 4270 737 4337 Deum
751 4282 863 4338 oraret
876 4281 916 4335 ut
928 4269 975 4335 illi
989 4270 1199 4356 ignosceret,
1214 4266 1300 4333 nihil
1313 4267 1459 4353 amplius

219 4402 266 4450 ex
282 4382 438 4451 oratione
454 4383 571 4451 retulit
586 4406 700 4471 quam:
719 4384 863 4453 Dimitte
879 4406 948 4466 me,
961 4406 1030 4472 ego
1045 4384 1136 4451 enim
1153 4406 1196 4451 ex
1212 4405 1253 4451 eo
1271 4382 1457 4449 uindictam

275 4562 286 4596 ²
320 4552 460 4622 Nautis,
480 4554 646 4610 oanoellato
667 4516 774 4623 denuo,
797 4556 936 4627 scripsit:
957 4570 1072 4610 recens.
1111 4568 1161 4597 ..u
1180 4554 1268 4623 Quae
1290 4556 1458 4639 sequuntur

220 4658 314 4715 usque
325 4644 368 4698 ad
374 4636 472 4716 firma
482 4644 680 4717 paragraphi
692 4644 861 4700 mucellata
873 4649 953 4700 sunt.
