3500 5367
396 456 450 515 474
776 444 985 501 Mortuum
1006 444 1184 499 lunarum

360 610 412 665 ter
427 594 612 675 irrisisset,
630 607 666 663 et
681 598 724 663 ad
744 618 832 677 eam,
851 596 974 663 melius
990 596 1131 663 iuuandi
1148 617 1267 678 causa,
1287 596 1462 674 accedens,
1475 593 1514 659 ita
1531 610 1568 661 ut

359 714 530 781 interdum
554 714 646 777 flatu,
658 711 829 797 pestilenti
852 711 966 779 Patris
986 712 1107 780 faciem
1128 711 1276 781 foemina
1296 720 1460 796 tangeret,
1474 706 1504 776 et
1521 710 1565 795 pi-

359 828 433 895 leus
457 849 560 913 super
580 826 672 925 illius
698 828 824 895 lectum
852 827 1026 909 ceciderit,
1050 838 1086 895 et
1113 826 1309 913 aliquandiu
1337 825 1436 895 etiam
1459 825 1565 891 ibidem

358 942 533 1025 manserit3
552 964 631 1009 cum
655 942 762 1030 igitur
777 944 820 1011 ad
836 940 1021 1031 collegium
1044 964 1203 1012 reuersus
1219 942 1353 1023 fuisset,
1371 942 1461 1010 ciues
1474 942 1567 1008 iusse-

359 1070 439 1127 runt
461 1059 595 1125 obstrui
616 1067 725 1125 totum
747 1059 944 1146 collegium,
967 1071 1002 1127 et
1022 1060 1150 1126 includi
1178 1080 1299 1126 omnes
1321 1070 1467 1137 nostros,
1481 1056 1568 1124 sicuti

358 1173 493 1240 occludi
513 1174 625 1241 solent
645 1174 766 1240 domus
787 1176 1039 1260 pestiferorum,
1057 1174 1191 1261 ipsique
1213 1150 1306 1241 Patri
1328 1173 1470 1252 Tauoni,
1485 1193 1567 1258 prae·

360 1298 411 1356 ter
427 1288 578 1374 corporis
594 1290 772 1356 aduersam
790 1289 1034 1371 valetudinem,
1052 1312 1178 1377 magna
1197 1292 1365 1374 quaedam
1380 1287 1570 1375 perturbatio

359 1404 483 1471 mentis
503 1404 696 1484 obueniret,
720 1426 787 1489 qua
808 1416 901 1472 totus
926 1406 1093 1474 tremebat
1116 1405 1260 1472 notabili
1279 1396 1422 1491 angore3
1444 1424 1570 1487 cumque
1682 1395 1685 1450 ἶ

359 1540 435 1587 sese
456 1520 531 1586 Deo
552 1520 818 1601 commendaret,
837 1542 879 1586 ac
898 1542 954 1587 res
980 1520 1168 1589 contrarias
1190 1520 1249 1585 tali
1277 1520 1403 1602 timori,
1427 1533 1464 1586 ut
1481 1521 1519 1587 ab
1534 1541 1570 1585 eo

360 1634 573 1714 liberaretur,
590 1619 771 1721 cogitaret,
791 1656 967 1719 nunquam
989 1646 1103 1704 tamen
1119 1635 1268 1701 obtinuit
1284 1646 1334 1722 <put
1356 1635 1429 1721 ipse
1447 1633 1568 1701 scribiti.

360 1751 514 1818 Tandem
535 1748 788 1817 commendauit
809 1773 846 1817 se
866 1753 942 1817 Deo
963 1773 1024 1837 per
1045 1750 1324 1817 intercessionem
1342 1752 1385 1819 P.
1406 1752 1449 1817 N.
1467 1748 1572 1834 lgmtii

359 1886 486 1952 magna
512 1865 711 1945 deuotione,
739 1875 775 1934 et
800 1865 927 1945 subito,
954 1866 1032 1933 loco
1060 1865 1201 1944 timoris,
1226 1888 1264 1934 se
1290 1867 1380 1932 bene
1407 1864 1572 1931 animatum

358 1980 598 2047 animaduertit
626 1982 669 2047 ad
696 1992 840 2047 mortem
871 1983 1116 2067 appetendam,
1134 2003 1205 2047 non
1232 1992 1366 2049 tantum
1394 1991 1503 2068 peste,
1521 1981 1572 2046 sed

361 2096 462 2163 etiam
479 2096 606 2183 gladio,
624 2098 652 2165 si
673 2096 707 2163 id
723 2098 771 2164 ita
791 2108 883 2165 esset
903 2098 1157 2183 beneplacitum
1174 2101 1261 2179 De03
1280 2096 1495 2183 suscepitque
1508 2107 1568 2160 tan·

265 2280 268 2286 ,
362 2223 430 2277 tam
446 2211 725 2311 consolationem,
744 2224 783 2279 ut
799 2212 846 2279 illi
863 2213 1007 2283 similem
1023 2234 1199 2299 nunquam
1220 2213 1284 2280 sibi
1301 2212 1457 2281 videatur
1470 2230 1573 2297 perce·

361 2328 452 2411 pisse
473 2350 522 2409 se;
547 2341 784 2414 praeterquam
809 2332 902 2416 quod
924 2328 1097 2397 existimat
1123 2350 1161 2395 se
1184 2328 1387 2395 naturaliter
1408 2346 1577 2395 euasunnn

362 2464 431 2508 non
452 2443 558 2511 fuisse
577 2455 709 2531 pestem
730 2447 809 2531 (qua
829 2446 936 2512 biduo
955 2456 1034 2532 post
1054 2445 1224 2512 foeminae
1243 2456 1390 2513 mortem
1411 2455 1518 2511 tactus
1531 2453 1578 2507 est

362 2558 437 2625 eius
452 2560 618 2645 maritus),
637 2560 701 2627 nisi
718 2584 778 2647 per
799 2560 1080 2630 intercessionem
1096 2562 1180 2627 dicti
1198 2564 1237 2628 P.
1255 2560 1393 2647 Ignatii.

430 2676 508 2741 Hoc
530 2675 614 2742 satis
635 2688 847 2761 compertum
864 2687 918 2745 est
937 2687 1015 2763 post
1030 2677 1105 2745 eius
1125 2688 1281 2755 mortem,
1298 2698 1373 2742 non
1394 2676 1498 2741 solum
1519 2694 1577 2737 non

363 2789 469 2858 fuisse
490 2793 708 2876 perturbatos
730 2812 801 2872 eos,
827 2792 886 2877 qui
907 2793 996 2861 bene
1015 2804 1114 2858 erant
1134 2814 1219 2879 erga
1238 2791 1444 2870 Societatem
1464 2786 1577 2860 allecti:

363 2906 424 2972 sed
445 2905 559 2991 potius
579 2928 710 2987 omnes,
729 2920 898 2993 quotquot
920 2930 961 2976 ea
981 2909 1078 2975 dere
1099 2909 1240 2993 fuerunt
1259 2906 1472 2992 interrogati,
1487 2903 1578 2990 profi·

365 3032 518 3088 terentur
533 3024 660 3089 habere
677 3045 715 3090 se
731 3024 841 3109 majus
856 3026 972 3090 lumen
989 3036 1025 3089 et
1039 3024 1186 3109 gratiam
1201 3045 1222 3089 a
1237 3026 1325 3090 Deo.
1343 3024 1461 3106 ltaque
1475 3016 1580 3087 sentiri

280 3136 288 3153 “
364 3136 437 3204 visa
453 3150 505 3206 est
523 3139 660 3205 uberior
676 3140 843 3225 quaedam
856 3142 1023 3206 donorum
1036 3139 1101 3206 Dei
1112 3137 1342 3205 comunicatio
1353 3159 1414 3223 per
1429 3136 1579 3204 intereas

364 3252 495 3321 sionem
510 3255 613 3322 huius
629 3255 721 3321 serui
733 3254 800 3335 sui,
814 3257 892 3321 loco
908 3255 1161 3321 miraculorum.
1177 3256 1283 3320 Hunc
1294 3253 1434 3339 spiritus
1446 3252 1581 3316 fructum

365 3380 579 3455 compertum
596 3370 779 3438 habuimus
795 3370 830 3435 in
846 3368 1002 3456 personis
1017 3369 1211 3438 Societatis

432 3486 592 3553 Exterius
619 3486 733 3567 etiam,
761 3486 818 3552 vbi
842 3486 971 3554 multae
993 3506 1174 3553 occurrere
1193 3484 1401 3551 videbantur
1426 3486 1585 3549 humanae

364 3600 486 3667 rationi
504 3600 633 3667 timoris
648 3623 785 3681 causae,
804 3614 877 3668 tum
894 3612 1032 3688 propter
1046 3602 1148 3679 bella,
1163 3611 1236 3666 tum
1249 3610 1387 3687 propter
1403 3598 1583 3683 aliquorum

365 3714 556 3801 potentium
585 3715 731 3799 animm,
753 3716 1021 3803 benignissimus
1047 3715 1269 3799 nihilominus
1291 3716 1388 3781 Deus
1414 3712 1583 3801 specialem

365 3830 613 3915 prouidentiam
636 3834 786 3901 ostendit
806 3831 843 3899 in
865 3832 1126 3900 conseruatione
1147 3830 1329 3900 Societatis
1349 3831 1442 3917 apud
1464 3846 1584 3898 omnes

365 3946 435 4012 imo
452 3956 530 4032 post
548 3948 655 4034 ipsius
678 3948 789 4016 Patris
809 3959 953 4015 mortem
974 3948 1088 4015 statim
1104 3949 1247 4013 obtenta
1262 3957 1314 4015 est
1329 3945 1442 4028 venia,
1468 3940 1587 4010 tamdiu
1683 3987 1685 3994 -

366 4073 468 4128 antea
483 4062 683 4151 efflagitata,
703 4075 741 4131 ut
757 4066 885 4133 habere
900 4064 1018 4131 liceret
1033 4061 1180 4151 collegia
1195 4062 1231 4128 in
1246 4062 1406 4130 Flandria
1417 4064 1443 4142 ³,
1460 4062 1586 4126 datum·

390 4199 435 4245 ue
453 4190 506 4246 est
527 4180 653 4247 nostris
675 4180 858 4267 collegium
880 4179 1044 4247 Coloniae
1060 4182 1086 4260 ⁶,
1115 4190 1150 4245 et
1177 4184 1356 4265 coemptae
1380 4178 1504 4244 domus
1531 4176 1587 4241 Lo·
1685 4256 1686 4259 Ἴ

329 4302 333 4311 “
369 4293 462 4361 uanii
480 4297 503 4362 ⁷.

419 4485 430 4517 ¹
467 4483 650 4552 Porrncns,
667 4482 937 4553 Chron.‚V1,448.

419 4574 431 4607 ὓ
468 4573 651 4639 Focaneus,
668 4572 795 4644 chron„
809 4572 860 4643 VI,
875 4585 940 4641 417.

420 4668 430 4699 ²
469 4662 566 4736 Epist.
583 4663 708 4727 Mixtae,
723 4664 758 4733 V,
775 4661 904 4731 557·558.
