3500 5367
376 407 430 473 064
757 409 964 466 Mosuuanra
984 409 1162 466 IGNATrnNA

342 569 509 624 assertum
534 572 788 644 procuratorem
812 583 927 642 suurn,
950 561 1016 628 fuit
1036 535 1103 628 lata
1127 561 1296 630 sententia
1320 571 1435 627 contra
1453 561 1540 647 ipsun

342 673 470 741 tenoris
490 676 744 761 subsequentis,
768 688 802 745 et
822 677 1015 764 subscripta
1037 699 1097 764 per
1120 679 1256 744 Rmum.
1280 675 1450 744 dominum
1468 677 1541 743 vica-

339 789 426 855 rium
443 793 631 876 praefatum
649 802 794 872 tanturn,
813 793 912 860 cuius
931 806 1026 862 tenor
1042 804 1095 860 est
1111 792 1170 879 qui
1186 793 1352 878 sequitur:

407 908 598 974 Reverendi
623 911 744 975 Patres
767 909 897 976 domini
920 908 1049 975 domini
1071 908 1272 988 FranzinuS,
1296 909 1424 976 electus
1446 907 1543 974 marsia

338 1023 483 1102 chanu‘s,
511 1004 620 1090 almae
642 1025 745 1092 Urbis
773 1025 995 1110 gubernator,
1020 1037 1054 1092 et
1084 1023 1264 1110 Philippus
1286 1023 1469 1090 Archintus
1486 1023 1542 1107 epi·

339 1157 463 1224 scopus
481 1139 588 1224 Burgi
605 1139 722 1206 Sancti
739 1139 934 1225 Sepulchri,
954 1140 1108 1224 ejusdem
1130 1141 1217 1205 alme
1235 1139 1340 1207 Urbis
1355 1139 1487 1224 ejusque
1501 1137 1541 1202 di-

340 1253 654 1320 strictus-vicarius.

405 1369 487 1436 Visa
508 1371 631 1437 cedula
651 1392 712 1436 seu
734 1370 942 1451 memoriale,
966 1372 1059 1456 quod
1080 1370 1153 1457 ipse
1170 1371 1277 1436 Rdu's.
1296 1368 1450 1436 dominus
1468 1368 1543 1434 vica-

338 1484 408 1550 rius
424 1468 545 1552 asserit
566 1486 777 1571 propositum
799 1486 906 1552 luisse
926 1486 961 1552 in
983 1488 1162 1572 signatura
1183 1485 1294 1554 SSmi.
1312 1484 1437 1551 domini
1457 1483 1543 1549 nostri

338 1623 446 1688 papae
467 1607 534 1686 per'
548 1602 673 1668 lidum.
699 1601 874 1669 dominum
896 1603 1095 1688 episcopum
1119 1612 1391 1682 cesenatensem,
1419 1601 1543 1683 indeque

337 1716 438 1783 viuae
454 1717 547 1782 vocis
568 1718 706 1783 oraculo
727 1739 786 1802 per
809 1717 1025 1787 sanctitatem
1047 1739 1143 1784 suam
1166 1729 1358 1785 emanatam
1378 1713 1542 1802 delegatio

339 1855 416 1901 nem
433 1831 542 1900 eidem
566 1831 692 1898 vicario
708 1855 775 1898 vna
795 1855 875 1899 cum
897 1835 1029 1920 prefato
1052 1834 1139 1900 Rd0.
1163 1832 1302 1898 domino
1323 1833 1540 1918 gubernatore,

338 1959 376 2013 vt
387 1948 571 2034 diligenter
583 1947 756 2034 inquirant
772 1971 874 2034 super
887 1949 1030 2018 veritate
1046 1947 1317 2014 diffamationum
1333 1969 1392 2034 per
1405 1945 1542 2014 Mathian

337 2065 382 2131 de
405 2065 534 2131 Sancto
556 2063 734 2144 Cassiano,
753 2064 919 2150 magistro
944 2076 1131 2150 postarum,
1150 2063 1276 2149 passim
1300 2063 1543 2148 evulgatarum¹

337 2189 456 2245 contra
473 2190 512 2265 et·
522 2180 688 2245 aduersus
700 2181 838 2245 domurn
853 2192 888 2248 et
900 2178 1204 2266 congregationem
1217 2177 1476 2265 presbiterorum
1491 2178 1542 2244 So·

336 2293 575 2382 cietatisJesu,
595 2295 878 2361 commorantium
903 2295 938 2360 in
959 2295 1104 2363 ecelesia
1124 2296 1217 2362 Stae.
1239 2294 1366 2362 Mariae
1389 2293 1430 2360 de
1449 2295 1543 2361 Strata

336 2411 380 2475 ne
397 2411 502 2478 urae.
685 2391 689 2400 '

403 2527 500 2605 Item,
524 2525 583 2611 qui
602 2526 764 2594 viderunt
784 2526 982 2593 relationem
1007 2523 1228 2592 intimationis
1251 2527 1361 2592 factae
1384 2525 1470 2591 dicto
1484 2526 1544 2590 lda-

336 2640 441 2720 thiae,
459 2653 497 2705 vt
512 2642 603 2707 dicta
624 2643 667 2708 de
688 2664 792 2708 causa
812 2644 930 2710 ederet
950 2641 1024 2708 siue
1045 2641 1250 2720 notificaret,
1269 2641 1297 2706 si
1319 2639 1400 2726 quid
1423 2640 1544 2706 haberet

335 2779 396 2841 pro
413 2756 645 2825 verificatione
660 2757 827 2823 dictarum
844 2733 1128 2824 diffamationum.

402 2873 498 2951 Item,
517 2871 575 2957 qui
591 2872 751 2941 viderunt
767 2872 1048 2959 competitionem
1067 2871 1102 2940 in
1117 2871 1204 2938 actis
1222 2873 1344 2938 iactam
1359 2869 1445 2958 perb
1464 2925 1471 2940 .
1489 2921 1495 2934 .
1514 2919 1542 2934 ..

336 3039 612 3055 ..........
631 2999 797 3054 assertum
820 3000 1072 3071 procuratorem
1094 2988 1176 3056 dicti
1198 2987 1362 3066 Mathiae,
1381 3009 1440 3074 per
1460 3005 1546 3071 quant

334 3082 529 3188 requirebat
550 3103 614 3170 sibi
635 3104 825 3190 specificati
854 3105 966 3190 capita
988 3105 1259 3186 diffamationum
1279 3105 1323 3170 ad
1344 3105 1497 3170 effectum
1517 3111 1546 3163 rt
1570 3145 1575 3156 .

334 3231 449 3304 posset
465 3219 652 3286 deliberare
669 3221 711 3286 de
728 3220 964 3306 responsione.

401 3337 496 3415 Item,
513 3335 570 3419 qui
587 3335 746 3401 viderunt
763 3336 963 3404 relationem
981 3336 1120 3405 alterius
1138 3333 1374 3416 intimationis,
1389 3345 1550 3421 propterea

334 3451 457 3517 factam
474 3463 487 3489 ⁶
500 3451 594 3516 dicto
616 3452 766 3520 Mathiae
787 3453 830 3518 de
851 3452 1026 3519 nonnullis
1048 3452 1216 3538 capitibus
1239 3452 1389 3538 ipsarum
1411 3449 1550 3516 diffama-

335 3565 478 3644 tionum,
497 3577 531 3633 et
547 3568 724 3652 presertim
741 3569 832 3652 quod
850 3569 946 3634 locus
963 3567 1137 3654 religionis
1151 3566 1345 3634 monialium
1364 3567 1456 3634 Stae.
1472 3567 1550 3631 Mar-

333 3683 412 3747 thae
432 3679 559 3748 eisdem
582 3681 808 3767 prostibulum
828 3681 843 3722 ⁶
863 3705 942 3760 seu,
966 3694 1004 3748 vt
1030 3683 1137 3768 vulgo
1165 3684 1351 3761 asserebat,
1378 3679 1549 3768 seraglium

330 3796 499 3861 dictorum
522 3797 802 3881 presbiterorum.
821 3801 977 3878 Necnon,
1001 3800 1094 3884 quod
1117 3797 1275 3864 nunnulli
1302 3821 1345 3865 err
1366 3797 1466 3864 dictis
1485 3817 1551 3882 pre·

251 3917 257 3927 ’
329 3910 465 3978 sbiteris
482 3934 502 3976 a
518 3912 658 3980 ciuitate
676 3912 852 3999 parisiensi
869 3915 1078 4000 aufugerant
1094 3913 1248 3999 inquisiti
1259 3915 1303 3979 de
1317 3913 1468 3982 heretica
1483 3935 1551 3999 pra·
1574 3933 1579 3946 ¹

331 4026 449 4092 nitate.
469 4026 643 4109 Similiter,
662 4030 756 4113 quod
772 4052 814 4097 ex
831 4027 931 4095 dictis
949 4029 1144 4115 presbiteris
1165 4027 1269 4115 aliqui
1286 4031 1377 4115 apud
1393 4039 1469 4096 acta
1485 4049 1552 4114 pre·

328 4142 388 4208 fati
405 4142 532 4208 domini
554 4143 796 4227 gubernatoris
818 4167 886 4211 non
904 4145 1005 4210 modo
1029 4135 1172 4226 abusati,
1190 4147 1252 4214 sed
1273 4157 1307 4213 et
1323 4144 1473 4212 conuicti
1487 4142 1552 4211 exi·

328 4269 459 4326 sterent
475 4259 518 4325 de
532 4258 680 4343 pessimo
695 4258 850 4340 crimine,
865 4261 956 4328 etde
972 4260 1046 4326 aliis
1060 4260 1280 4328 atrocissimis
1292 4259 1502 4338 criminibus,
1515 4259 1552 4323 de

379 4447 619 4516 aemutgatarum
633 4465 689 4501 ms.
727 4449 778 4490 -b
794 4447 867 4502 Loco
879 4449 1189 4520 »rorrtinissequuntur
1202 4449 1319 4520 aliquot
1329 4449 1488 4522 punctum.
1523 4475 1553 4486 -

324 4536 446 4590 erectae
461 4535 664 4590 Bollandiani
679 4539 797 4595 Patres.
837 4540 887 4580 -d
906 4537 1037 4592 Marthae
1055 4545 1139 4593 esset
1153 4537 1347 4610 prostibulum
1367 4537 1552 4600 «Bollandm

323 4626 356 4678 in
371 4629 472 4678 nostro
486 4642 540 4678 mr.
552 4627 747 4680 desideratur
758 4627 898 4681 verbnm.
