3500 5367
417 445 471 516 354
796 448 1005 504 Moruuaura
1025 446 1203 504 lesinam

381 598 581 677 illustratus,
597 620 770 684 quamque
785 620 884 667 suam
901 598 1107 684 primitiuam
1123 598 1303 667 ecclesiam
1319 600 1507 667 studiorum
1518 613 1588 670 tem-

381 735 462 798 pore
474 714 594 780 solitus
607 725 680 780 erat
692 716 874 801 appellare,
890 725 1043 780 extrema
1055 713 1119 780 iam
1133 725 1245 781 aetate
1262 716 1390 783 Romae
1406 738 1522 801 agens,
1534 694 1589 802 pri·

380 852 436 897 ma
449 830 555 897 fuisse
566 829 759 899 rudimenta
770 841 806 899 et
817 828 871 897 sui
884 829 1073 897 nouitiatus
1086 829 1251 915 tyrocinia
1263 830 1378 899 dicere
1390 851 1461 897 non
1472 831 1589 899 dubita-

380 946 480 1025 uerit,
498 948 670 1032 longeque
686 944 785 1013 aliam
802 966 879 1012 esse
895 966 1013 1013 eorum
1030 944 1145 1011 animo
1160 966 1225 1011 suo
1236 944 1378 1011 formam
1395 945 1587 1033 impressam,

380 1084 482 1145 quern
498 1060 570 1147 ipse
586 1072 687 1128 antea
703 1060 967 1129 adumbrauerat
983 1071 1018 1125 et
1036 1058 1141 1128 ueluti
1164 1060 1397 1127 inchoauerat.
1421 1063 1558 1147 ipsemet
1572 1075 1589 1100 ⁶

382 1177 474 1243 Patri
491 1178 641 1262 Laynez;
659 1198 727 1263 ego
743 1198 785 1243 err
803 1178 906 1243 Patre
922 1169 1059 1261 La'ynez
1080 1175 1261 1259 aliquoties
1275 1176 1393 1243 audiui
1408 1178 1520 1245 ¹¹.-L.

445 1312 500 1373 41.
550 1294 628 1360 Hoc
651 1314 758 1359 unum
779 1312 848 1379 ego
867 1292 1036 1358 affirmare
1062 1290 1183 1370 ausim,
1214 1302 1283 1357 tam
1310 1292 1489 1359 delicatam
1515 1292 1591 1359 illius

379 1406 484 1475 tuisse
501 1407 762 1490 conscientiam,
781 1419 847 1473 tam
865 1406 1046 1484 subtiliter,
1066 1417 1134 1471 tam
1152 1405 1312 1492 religiose
1324 1419 1360 1475 et
1371 1407 1535 1492 exquisite
1545 1409 1589 1475 uel

378 1506 553 1590 minimam
570 1522 738 1607 cuiusque
754 1521 887 1608 peccati
903 1522 1127 1607 suspitionem
1147 1522 1236 1607 piam
1257 1521 1332 1588 cius
1351 1522 1497 1589 animam
1515 1524 1587 1592 exti-

378 1638 518 1715 muisse,
538 1648 577 1703 ut
593 1636 790 1724 saepissime
805 1659 887 1703 num
905 1638 1007 1721 culpa
1028 1637 1096 1702 ulla
1116 1636 1150 1703 in
1174 1657 1214 1703 ea
1233 1659 1272 1705 re
1291 1639 1462 1717 haereret,
1481 1638 1590 1727 inqua

378 1756 470 1820 nulla
487 1754 627 1821 omnino
643 1772 719 1819 esse
737 1752 929 1831 uidebatur,
947 1751 1209 1838 diligentissime
1230 1752 1457 1837 conquireret,
1482 1755 1536 1822 uel
1554 1754 1589 1818 de

377 1868 577 1937 tenuissima
594 1868 815 1955 cogitatione,
836 1870 891 1937 uel
908 1870 951 1937 de
971 1866 1147 1935 leuissimo
1167 1867 1292 1935 mentis
1307 1891 1464 1952 assensu,
1481 1872 1537 1939 uel
1554 1872 1589 1935 ds

376 1987 479 2050 rebus
495 1985 530 2050 id
546 2006 658 2071 genus
674 1983 921 2063 minutissimis,
940 2005 1028 2068 quae
1044 1982 1142 2050 nobis
1158 2006 1228 2049 non
1243 1984 1353 2070 primo
1371 1986 1482 2051 solum
1502 2008 1589 2071 aspe

375 2110 447 2178 ctu,
466 2100 644 2168 sedetiam
661 2098 987 2186 introspicientibus,
1005 2101 1137 2165 nullum
1154 2119 1233 2166 cum
1251 2099 1335 2166 uitio
1352 2101 1587 2176 commertium,

376 2216 505 2282 nullam
521 2216 719 2283 societatem
735 2216 864 2291 habere
879 2214 1094 2281 uidebantur.
1115 2215 1245 2281 Audiui
1261 2236 1328 2301 ego
1344 2238 1386 2283 ex
1403 2216 1505 2284 Patre
1524 2238 1588 2283 ase

375 2330 622 2398 confessarium
639 2329 859 2407 accersitum,
874 2341 912 2395 ut
934 2350 1036 2395 unam
1056 2341 1189 2395 tantum
1210 2331 1346 2416 culpam
1366 2332 1587 2401 confiterettn:

374 2468 415 2511 ea
436 2458 519 2525 erat,
543 2446 633 2530 quod
663 2446 848 2513 defectum.
863 2444 1040 2511 cuiusdam
1072 2444 1183 2511 Patris
1207 2445 1422 2523 tribusaliis
1443 2448 1590 2515 Patribus

374 2562 575 2647 aperuisset,
599 2584 679 2628 cum
701 2563 772 2627 duo
794 2562 837 2627 ad
858 2560 1045 2628 remedium
1068 2560 1300 2628 adhibendum
1319 2574 1356 2627 et
1375 2564 1520 2631 uulnera
1536 2583 1588 2628 cu-

371 2679 479 2744 randa
495 2677 724 2757 suffecissent3
743 2698 831 2761 quae
848 2687 960 2742 tamen
972 2668 1012 2741 ¹et
1028 2678 1136 2742 multa
1152 2656 1261 2755 erant,
1276 2688 1312 2744 et
1327 2676 1428 2745 tertio
1443 2677 1493 2745 illi
1509 2676 1590 2745 Patri

372 2814 443 2859 non
460 2780 592 2879 ignota,
612 2813 723 2876 neque
739 2814 781 2859 err
798 2812 868 2857 uno
886 2792 944 2856 illo
959 2791 1133 2877 publicato
1150 2792 1298 2880 peiorem
1314 2794 1359 2859 de
1374 2793 1515 2863 homine
1527 2794 1589 2860 exi-

366 2908 599 2975 stimationem
617 2907 791 2993 suscipere
807 2907 987 2992 potuisset.
1007 2909 1110 2973 Anno
1130 2924 1227 2991 1554.

436 3042 492 3104 42.
541 3024 642 3089 Hanc
658 3022 760 3089 etiam
773 3044 909 3107 semper
923 3022 1207 3090 consuetudinem
1225 3023 1357 3101 habuit,
1371 3037 1413 3089 ut
1422 3026 1519 3091 horis
1529 3024 1590 3091 sin-

369 3139 460 3225 gulis
488 3136 731 3205 conscientiam
760 3158 856 3203 suam
886 3137 1107 3217 examinaret,
1133 3150 1252 3221 etqua
1279 3140 1411 3206 ratione
1435 3142 1523 3207 hora
1543 3142 1590 3207 lla

369 3256 462 3338 lapsa
479 3253 599 3321 fuisset
615 3249 876 3339 diligentissima
892 3252 1184 3338 peruestigatione
1200 3264 1214 3292 ⁰
1231 3252 1431 3322 discuteret.
1450 3254 1589 3340 Quodsi

370 3370 457 3434 forte
473 3369 568 3435 finita
581 3370 667 3435 hora
682 3366 821 3452 aliquod
837 3367 1013 3453 negotium
1032 3367 1259 3435 intercederet
1272 3368 1412 3436 maioris
1420 3369 1587 3438 momenti.

367 3486 421 3553 uel
438 3484 617 3570 occupatio
629 3484 742 3569 aliqua
754 3493 859 3561 tanta,
875 3503 964 3567 quae
975 3483 1033 3568 pio
1045 3483 1207 3550 exercitio
1219 3482 1501 3569 impedimentum
1513 3488 1589 3553 affe·

366 3602 475 3681 rebat,
504 3600 788 3667 examinationem
816 3599 954 3683 quidem
975 3576 1166 3680 differebat,
1184 3600 1246 3666 sed
1263 3600 1318 3668 uel
1335 3600 1443 3685 primo
1459 3622 1590 3687 quoque

297 3796 301 3805 ι
365 3732 530 3802 tempore,
557 3716 613 3785 uel
629 3717 714 3781 hora
737 3715 893 3798 sequenti
921 3714 1154 3798 interprsitam
1184 3736 1313 3781 moram
1336 3720 1587 3802 compensabat.

364 3836 482 3917 ltaque
499 3833 603 3899 semel
623 3834 756 3899 Patrem
774 3830 955 3915 quemdam
968 3852 1011 3896 ex
1024 3832 1151 3895 nostris
1168 3833 1208 3897 Β.
1230 3833 1335 3899 Pater
1353 3834 1441 3900 forte
1457 3834 1590 3901 obuium

362 3949 556 4015 sciscitatus
576 3957 629 4014 est
656 3944 791 4030 quoties
806 3966 848 4012 eo
864 3944 921 4011 die
949 3943 1183 4014 conscientiae
1209 3968 1292 4014 suae
1308 3948 1590 4017 examinationem

363 4064 509 4136 fecisset:
529 4084 607 4128 cum
624 4062 680 4129 ille
696 4060 833 4146 septies,
849 4061 885 4125 ni
902 4061 1011 4138 fallor,
1027 4061 1270 4146 respondisset,
1290 4073 1364 4129 tum
1379 4066 1494 4131 Pater:
1509 4068 1586 4139 heu,

371 4178 569 4189 ——r-u———n--1

414 4242 435 4269 m
474 4224 510 4279 P.
526 4223 728 4277 Ribodeneira
751 4224 829 4275 corte
851 4221 1016 4291 scripserat
1039 4220 1175 4290 ipsemet:
1198 4226 1231 4274 at
1249 4224 1364 4292 postem
1391 4224 1440 4279 vel
1464 4224 1529 4297 ipse
1551 4222 1590 4279 nel

359 4318 451 4383 nlius,
470 4314 550 4385 quod
567 4314 738 4367 discernere
754 4328 815 4365 non
834 4309 999 4371 valuimus,
1013 4311 1058 4363 ita
1077 4311 1262 4377 emendavit:
1282 4312 1348 4384 Ipse
1367 4313 1450 4385 mihi,
1470 4314 1591 4369 caeteris

356 4407 608 4477 praesequantur
621 4404 714 4455 etiarn
726 4399 857 4453 turicella
863 4398 912 4456 tis.
951 4413 1001 4439 -11
1020 4398 1221 4470 Paragrophi
1230 4414 1320 4471 41·43
1330 4400 1588 4476 obliteratifusre.

355 4510 403 4535 -ο
425 4492 632 4547 Ribndeueiro
645 4487 850 4557 compendiose
867 4495 1012 4559 peraeste
1029 4488 1163 4556 scripsit,
1175 4490 1246 4543 dein
1268 4491 1301 4544 in
1316 4492 1472 4564 ninrgiue:
1491 4506 1590 4563 perne·

352 4584 525 4655 stigatione;
538 4584 689 4651 postremo
706 4577 826 4630 Natalis
837 4576 871 4630 in
890 4577 989 4630 altero
1000 4576 1152 4648 margine,
1174 4578 1273 4633 deleta
1286 4580 1345 4634 itta
1367 4598 1445 4646 voce,
1458 4580 1589 4653 scripsit:

356 4668 622 4745 pervestigatione.
