3500 5367
414 404 467 474 518
793 408 1001 464 Mouuuunra
1020 409 1201 467 lanariam

375 570 430 627 ter
446 578 578 625 rnorem
597 561 829 641 mandauerat,
848 571 887 627 vt
899 561 1001 629 lectio
1016 562 1177 629 breuiarii
1193 562 1326 631 romani
1342 564 1440 649 (quod
1452 584 1469 628 a
1480 561 1565 629 cardi-

379 672 456 741 nale
468 674 616 741 Sanctae
629 675 751 741 Crucis
770 676 793 709 ¹¹
810 675 1014 743 auctoritate
1030 676 1216 763 apostoliea
1228 678 1339 745 iuerat
1350 679 1565 755 consectamur

380 810 449 873 quo
469 788 624 857 Societas
644 789 813 859 ordinarie
832 792 1002 878 utebatur)
1022 794 1198 879 legeremr
1217 793 1260 859 ad
1281 814 1441 874 mensam,
1458 791 1522 877 quia
1538 803 1565 854 rt

380 903 563 990 plurimum
579 904 777 973 continebat
792 906 970 974 historiam
986 910 1030 976 de
1045 918 1166 975 sancto
1186 920 1401 988 occurrente,
1420 910 1566 995 repreben-

378 1041 439 1086 sus
454 1030 508 1086 est
523 1021 567 1087 ab
583 1042 637 1103 eo,
662 1031 696 1088 et
717 1022 918 1108 reprehendi
947 1023 1083 1091 curauit
1108 1022 1246 1109 publice
1271 1024 1360 1089 inter
1380 1023 1567 1097 coenandum,

379 1135 483 1202 misso
499 1138 542 1202 ad
569 1138 635 1203 hoc
658 1136 808 1204 officium
826 1136 873 1204 illi
889 1140 1131 1225 praestandum
1149 1140 1297 1225 quodam
1319 1139 1421 1205 fratre
1438 1160 1474 1205 ex
1485 1138 1569 1203 dono

379 1252 546 1337 professa,
564 1252 624 1319 cui
637 1256 763 1335 nomen
778 1264 852 1321 erat
868 1253 1043 1321 Antonius
1058 1253 1159 1335 Rion,
1173 1254 1232 1341 qui
1244 1276 1324 1323 acer
1338 1253 1503 1340 et‘lepidus
1513 1266 1568 1320 erat

381 1367 415 1431 in
431 1367 553 1433 dandis
569 1365 714 1453 publicis
731 1369 1063 1455 reprehensionibus.
1078 1372 1175 1437 Haec
1191 1392 1294 1456 porro
1309 1368 1509 1457 reprehensio
1518 1388 1569 1432 non

379 1494 512 1549 tantum
529 1482 658 1568 profuit
669 1485 712 1549 ad
722 1482 936 1569 disciplinam
950 1485 1072 1551 melius
1087 1487 1303 1565 seruandam,
1321 1486 1383 1554 sed
1395 1506 1451 1550 nos
1464 1503 1567 1557 omnes,

379 1598 438 1681 qui
451 1599 643 1679 aderamus,
662 1598 761 1667 valde
777 1599 974 1667 aedificauit
988 1600 1024 1665 in
1044 1600 1193 1669 Domino
1213 1586 1358 1687 insignis
1378 1598 1529 1667 humilitas
1539 1617 1567 1663 ac

329 1756 336 1767 ·
382 1714 607 1801 tranquillitas
636 1714 746 1782 Patris
779 1714 911 1799 Olauii,
940 1716 1004 1783 riri
1030 1718 1121 1787 talis.
1148 1718 1228 1785 Non
1255 1716 1462 1803 improbabat
1484 1724 1572 1781 auten

384 1833 424 1895 B.
445 1833 548 1897 Pater
575 1840 692 1899 noster
707 1854 778 1899 rem
806 1831 927 1918 ipsam,
951 1832 1032 1917 quia
1058 1855 1133 1901 eam
1161 1832 1270 1899 voluit
1296 1830 1431 1900 retineri
1447 1843 1479 1899 et
1491 1826 1569 1896 conti·

383 1945 494 2025 nuari,
512 1944 779 2032 continuataque
808 1948 873 2014 luit
888 1948 991 2015 lectio
1012 1947 1065 2033 3.·
1089 1946 1164 2015 eius
1184 1920 1353 2029 lectionis,
1375 1950 1475 2013 donec
1490 1944 1569 2010 retor-

382 2071 511 2128 matum
529 2060 809 2147 martyrologium
827 2062 874 2129 illi
895 2064 1074 2146 successit;
1098 2066 1159 2130 sed
1179 2065 1446 2149 reprehendebat
1463 2070 1574 2127 sanctus

385 2180 488 2247 Pater
503 2176 597 2263 quod
612 2196 666 2241 res
682 2175 771 2245 bona
788 2202 857 2246 non
870 2174 992 2248 iniisset
1007 2182 1096 2247 bene
1110 2190 1146 2246 et
1161 2178 1278 2246 debito
1293 2179 1413 2247 ordine
1427 2180 1512 2244 lacta.

450 2296 614 2366 Similiter
630 2302 670 2366 P.
690 2298 866 2367 Antonius
879 2296 1054 2366 Sodouilla
1069 2298 1092 2330 ¹³
1106 2306 1239 2363 secreta
1250 2297 1418 2381 quaedam
1430 2286 1570 2361 conuenti-

383 2412 460 2477 cula
476 2411 654 2483 inuenerat
666 2415 701 2481 in
714 2414 910 2501 collegium,
925 2414 960 2480 in
974 2414 1099 2498 quibus
1111 2412 1172 2494 illi,
1186 2411 1246 2497 qui
1258 2411 1292 2477 in
1304 2410 1356 2478 eis
1373 2411 1573 2480 uersabantu,

383 2526 485 2594 variis
506 2530 808 2597 mortificationum
829 2528 1016 2617 generibus
1036 2529 1285 2598 exercebantur
1305 2536 1411 2595 noctu
1430 2534 1571 2611 postquam

382 2665 501 2711 omnes
513 2644 751 2714 incubuerant.
763 2648 852 2733 Ego,
863 2667 941 2711 cum
952 2644 987 2711 id
995 2644 1225 2711 subodoratus
1233 2664 1357 2723 essem,
1369 2640 1447 2708 finxi
1455 2632 1572 2706 meaffici

382 2761 426 2827 ad
442 2759 637 2829 huiusmodi
653 2761 944 2848 exercitationem,
963 2781 1004 2827 ac
1020 2742 1212 2827 desiderare
1228 2758 1395 2826 interesse
1411 2747 1570 2823 conuentu:

382 2876 494 2963 gauisi
514 2887 595 2943 sunt
615 2878 769 2965 collegae
797 2877 856 2959 illi,
875 2878 968 2964 quod
988 2900 1009 2943 a
1035 2897 1099 2943 sua
1113 2886 1209 2961 parte
1237 2884 1406 2942 rectorem
1432 2872 1575 2941 haberent.

382 3004 558 3078 sperantes
571 2994 663 3078 quod
676 2996 742 3061 hac
754 2992 936 3059 occasione
948 3004 983 3059 et
995 2991 1070 3061 eius
1080 2990 1239 3076 exemplo
1249 2989 1386 3057 vberior
1398 2997 1493 3055 staret
1501 3000 1574 3050 eru·
1657 3035 1661 3044 .

381 3106 553 3175 citationis
572 3111 717 3177 fructus,
736 3110 890 3179 Interfui.
909 3107 1085 3194 exploraui
1099 3106 1248 3192 singula3
1267 3116 1384 3191 atque,
1407 3116 1442 3170 vt
1458 3096 1577 3189 peoitlu3

381 3223 495 3289 omnia
512 3244 700 3299 cernerem,
719 3246 775 3291 me
790 3245 869 3291 cum
886 3224 969 3310 ipsis
989 3222 1139 3291 exercui.
1161 3220 1226 3288 Die
1246 3218 1440 3305 insequenti
1459 3235 1519 3283 rem
1530 3212 1573 3275 dt·

384 3339 445 3403 tuli
461 3340 504 3405 ad
522 3342 658 3407 Patrem
676 3353 841 3407 nostrum.
862 3342 938 3425 lpse
953 3338 1052 3405 iussit
1067 3338 1161 3405 illum
1180 3339 1318 3404 Patrem
1334 3338 1445 3402 facere
1457 3324 1574 3412 discipli·

382 3476 460 3521 nam
478 3455 662 3541 publicam,
681 3478 722 3522 ac
743 3455 923 3523 confestim
947 3454 1038 3521 misit
1056 3476 1136 3521 eum
1159 3452 1351 3541 Neapolim3
1376 3472 1452 3517 nam
1469 3443 1576 3531 quidam

382 3570 425 3636 de
445 3591 489 3637 eo
510 3569 666 3637 sodalitio
695 3576 819 3639 Petrus
846 3570 999 3658 Syluius,
1029 3568 1224 3655 theologiae
1250 3555 1440 3646 studiosus,
1463 3572 1576 3645 maguae

382 3683 455 3771 spei
471 3687 682 3769 adolescenti,
701 3686 866 3754 inciderat
884 3686 918 3753 in
935 3686 1129 3773 phrenesim
1140 3686 1186 3751 ob
1198 3681 1300 3751 nimis
1314 3682 1479 3751 assiduam
1489 3688 1574 3742 rerum

382 3801 581 3869 coelestium
603 3801 871 3883 meditationem,
893 3814 931 3868 vt
951 3804 1169 3881 credebatur,
1187 3811 1223 3869 et
1248 3820 1370 3886 parum
1398 3792 1496 3865 abfuit
1514 3784 1575 3875 quin

383 3916 480 3983 multi
496 3917 650 3986 similiter
664 3914 895 3987 laederentur.
913 3920 982 3987 Sed
1002 3916 1224 4003 dissipatione
1239 3914 1388 3982 sodalitii
1404 3929 1509 3980 omnes
1520 3921 1574 3977 ut

382 4031 446 4097 niti
466 4044 558 4114 sunt,
577 4046 626 4115 vt,
656 4034 831 4121 superiore
857 4034 914 4101 vel
941 4036 1044 4101 Patre
1060 4030 1227 4119 spirituali
1254 4052 1325 4097 non
1352 4025 1491 4129 conscio,
1511 4012 1574 4087 ”llll

382 4150 657 4235 aggrederentur
673 4162 733 4216 aut
750 4150 952 4219 inducerent
968 4149 1064 4219 noui.

384 4252 596 4265 -—..-—.

438 4284 458 4316 ¹²
496 4280 623 4337 Sanctae
633 4282 738 4339 Crucis
751 4282 908 4341 cardinalis
918 4291 980 4339 tum
991 4290 1055 4339 erat
1063 4281 1239 4338 Franciscus
1248 4278 1448 4352 Quignonius,
1459 4260 1577 4332 bfevtrrit.

381 4369 419 4423 de
432 4384 492 4441 quo
504 4386 593 4443 saepe
606 4370 747 4444 diximus,
760 4381 873 4428 auctor.

435 4458 458 4491 ¹³
495 4460 642 4516 Antonius
655 4461 816 4533 Soldevila,
830 4461 867 4517 tle
880 4478 940 4534 quo
949 4478 984 4517 ac
999 4461 1037 4516 de
1050 4461 1139 4515 Petro
1151 4458 1258 4527 Silvio,
1270 4456 1356 4529 cujus
1370 4454 1464 4511 statim
1474 4449 1503 4503 fit
1516 4454 1575 4498 net·

380 4548 432 4616 tio,
448 4547 583 4605 videatur
595 4550 777 4619 PounuctJS,
795 4551 920 4616 Chron„
934 4552 986 4620 111,
1001 4564 1047 4623 203
1062 4550 1100 4619 V,
1119 4562 1165 4619 50.
1184 4548 1230 4603 De
1253 4556 1378 4619 utroque
1398 4540 1577 4615 agtrcomtt·

383 4649 465 4709 vrtJS,
483 4638 671 4705 Memoriale,
686 4658 715 4695 n.
730 4653 776 4709 5ο,
791 4658 858 4713 pag.
877 4654 937 4711 177.
994 4704 998 4715 Ι
