3500 5367
391 552 556 621 Quarum
575 560 619 605 nr
636 548 667 603 S.
687 549 827 609 lottario
843 562 864 603 a
884 550 1013 608 Maeoni
1030 562 1182 607 ninam
1312 549 1367 621 503

153 706 305 787 310003;
323 702 427 770 calla
446 702 529 784 fine,
550 702 684 788 placata
703 724 764 789 per
787 703 820 768 la
839 703 949 771 bonta
968 700 1004 769 di
1024 702 1103 783 Dio,
1125 678 1233 771 lascid
1253 714 1347 773 stare
1366 716 1404 771 et

154 820 367 889 acconsenti
382 820 450 885 che
465 820 650 886 hauessero
667 818 780 903 quella
795 838 883 905 poca
896 819 975 886 luce
990 820 1016 886 ¹.

238 934 444 1019 Lauorando
459 932 515 1020 poi
531 932 565 999 in
583 954 654 999 uno
666 932 826 1013 studiolo,
842 934 944 1019 quale
954 946 1186 1021 apparteneua
1196 932 1289 1024 [31113
1303 934 1403 1001 scrit-

160 1053 263 1119 turia
285 1074 307 1118 o
327 1049 511 1118 secretaria
530 1048 619 1117 della
643 1048 822 1137 religione,
844 1050 935 1118 doue
955 1050 1054 1137 quasi
1081 1052 1113 1117 la
1138 1050 1198 1139 piir
1224 1061 1321 1138 parte
1347 1051 1404 1119 del

159 1169 296 1259 giorno
311 1177 412 1235 staua
427 1165 463 1231 in
480 1167 575 1235 detta
590 1176 709 1232 stanza
724 1166 757 1232 la
772 1166 873 1235 felice
888 1166 1053 1235 memoria
1067 1169 1124 1236 del
1140 1170 1181 1235 P.
1200 1166 1336 1255 ignatio
1355 1166 1405 1233 iui

158 1308 188 1352 3
208 1286 336 1351 uedere
352 1284 521 1362 lauorare,
539 1302 605 1348 con
621 1281 726 1348 molta
742 1281 809 1349 mia
825 1281 1071 1364 consolatione,
1089 1283 1226 1351 sentino
1246 1284 1271 1349 11
1291 1282 1407 1370 ragio-

165 1423 258 1469 nare
273 1400 329 1467 del
345 1400 440 1465 detto
456 1399 545 1465 Rdo.
568 1398 690 1479 Padre3
711 1407 746 1466 et
765 1396 826 1478 ini,
850 1400 1011 1465 uenendo
1028 1422 1049 1465 a
1068 1399 1257 1467 domandar
1276 1399 1408 1468 licenza

168 1516 284 1597 molti,
303 1514 478 1601 pigliando
499 1514 532 1580 la
554 1502 785 1593 beneditione,
807 1523 843 1581 et
861 1513 950 1581 assai
971 1534 1096 1581 ancora
1118 1516 1279 1583 uenendo
1297 1513 1334 1581 di
1352 1514 1407 1581 di·

172 1630 269 1701 uersi
284 1630 419 1717 luoghi,
437 1630 470 1696 1ο
487 1630 679 1695 trouau'ano
693 1628 730 1695 in
746 1630 859 1715 quella
875 1630 1112 1712 stantioluzza,
1130 1640 1166 1697 et
1181 1630 1215 1696 io
1235 1641 1406 1717 presente,

164 1746 301 1815 stando
321 1745 346 1811 il
367 1747 408 1813 Ρ.
431 1744 566 1831 ignatio
587 1764 652 1811 con
672 1766 742 1811 una
767 1744 994 1829 tranquillitd,
1021 1747 1063 1811 ne
1088 1746 1168 1825 mai,
1194 1769 1255 1832 per
1278 1756 1409 1831 quanto

168 1874 295 1949 tempo
306 1861 340 1928 io
350 1860 508 1948 pratticai
524 1858 651 1929 estetti
667 1859 702 1926 in
714 1861 809 1931 detta
825 1881 918 1942 casa,
937 1882 1006 1927 non
1018 1860 1067 1947 gli
1079 1859 1181 1929 sentii
1193 1861 1261 1927 mai
1273 1862 1326 1927 dir
1341 1883 1411 1928 una

173 1978 294 2065 parola
314 1998 417 2057 uana,
441 1978 514 2043 solo
535 1974 730 2045 dicendomi
752 1976 785 2041 in
807 1978 859 2043 fra
881 1976 905 2040 l'
926 1976 1003 2043 altri
1022 1976 1270 2043 ammonitioni:
1294 1978 1327 2043 A
1351 1976 1411 2043 uoi

173 2116 249 2161 non
270 2112 392 2159 manca
414 2092 515 2173 altro,
538 2114 575 2159 se
595 2112 665 2158 non
685 2112 778 2160 esser
799 2092 983 2160 benedetto
1002 2092 1038 2158 in
1059 2091 1231 2177 paradiso,
1251 2092 1412 2159 hanendo

168 2232 283 2278 nome
300 2211 502 2278 Benedetto.
522 2210 575 2275 Ne
591 2208 658 2274 mai
674 2207 697 2273 il
712 2207 806 2274 uiddi
822 2208 1035 2275 conucciato
1051 2211 1138 2275 altro
1153 2212 1219 2277 che
1235 2230 1303 2275 una
1320 2208 1415 2275 uolta

169 2326 306 2393 stando
321 2326 375 2391 col
392 2346 456 2390 suo
475 2324 699 2402 bastoncello,
718 2324 842 2409 perche
858 2346 918 2391 era
934 2347 981 2392 un
997 2347 1085 2411 poco
1104 2324 1293 2391 dilettuoso
1310 2326 1345 2390 d'
1367 2344 1414 2389 un

171 2462 280 2519 anca,
299 2464 319 2508 e
334 2440 358 2505 11
375 2441 532 2506 uenendo
547 2460 617 2504 uno
632 2439 721 2506 della
734 2440 827 2505 detta
841 2438 1004 2525 iamiglia,
1019 2442 1084 2506 che
1096 2441 1232 2507 haueua
1244 2440 1330 2506 fatto
1346 2460 1416 2504 non

174 2579 223 2624 so
240 2558 307 2623 che
327 2555 447 2623 delitto
468 2578 488 2622 e
509 2556 588 2621 fuor
608 2554 689 2623 dell'
711 2554 906 2623 obedientia
927 2565 1111 2636 trascorso,
1133 2577 1248 2623 nenne
1268 2553 1303 2619 in
1322 2556 1418 2623 detta

174 2684 303 2739 stanza
319 2693 338 2739 e
354 2671 383 2737 si
399 2672 499 2737 buttd
515 2674 546 2736 a'
564 2670 655 2755 piedi
671 2671 725 2738 del
740 2672 836 2737 detto
853 2672 1050 2737 uenerando
1066 2672 1189 2751 Padre,
1203 2670 1418 2736 domandan-

175 2786 279 2873 dogli
295 2788 449 2873 perdono
465 2806 485 2851 e
501 2784 744 2853 misericordia.
764 2787 791 2851 11
806 2787 902 2853 detto
920 2787 1031 2855 Padre
1043 2785 1092 2873 gli
1109 2785 1238 2872 replico
1249 2784 1309 2871 piir
1325 2786 1419 2853 uolte

176 2914 295 2971 -stasse
311 2924 365 2984 su;
384 2925 403 2969 e
423 2923 487 2987 pur
502 2900 616 2984 quello
632 2900 771 2966 assiduo
791 2922 859 2967 non
881 2901 910 2968 si
929 2903 1054 2968 leuaua
1069 2902 1107 2966 in·
1120 2900 1223 2986 piedi.
1243 2900 1313 2967 All'
1335 2901 1420 2966 hora

181 3018 280 3085 uiddi
300 3040 345 3083 un
362 3018 435 3083 zelo
451 3018 485 3082 d'
505 3038 572 3082 una
593 3016 860 3084 demostratione
876 3016 911 3083 di
928 3018 1036 3083 hauer
1058 3039 1118 3102 per
1137 3017 1228 3084 male
1247 3018 1314 3084 che
1340 3016 1419 3100 quel

185 3136 256 3203 tale
276 3154 344 3199 non
362 3133 391 3199 si
406 3135 530 3199 leuaua
546 3154 600 3213 ειη
619 3132 647 3197 si
662 3131 750 3217 parti
767 3131 802 3198 di
816 3133 912 3199 detta
933 3144 1052 3199 stanza
1074 3133 1293 3212 conturbat0‚
1315 3152 1336 3197 e
1357 3154 1420 3199 an-

180 3252 316 3316 dosene
332 3250 397 3314 alla
414 3270 476 3315 sua
492 3270 640 3315 camera.

255 3367 403 3432 Auenne
420 3366 483 3430 che
500 3364 535 3429 in
552 3365 648 3431 detto
664 3376 778 3449 tempo
795 3365 861 3431 che
876 3363 911 3429 io
926 3386 1024 3449 pure,
1042 3365 1232 3432 Benedetto
1246 3362 1380 3433 Maroni
1395 3362 1422 3443 b,

186 3484 355 3548 lauorauo
370 3478 405 3545 in
422 3482 517 3547 detta
533 3500 624 3559 casa,
643 3480 789 3545 essendo
805 3478 828 3545 11
844 3479 941 3547 detto
957 3480 1069 3547 Padre
1084 3502 1151 3565 pur
1166 3480 1190 3545 li
1205 3481 1295 3548 nella
1307 3491 1437 3547 stanza·

181 3599 282 3663 doue
298 3595 327 3662 si
343 3597 519 3675 lauoraua‚
538 3596 684 3663 essendo
700 3596 757 3681 gii
774 3595 947 3681 ampliata,
965 3617 986 3661 e
1002 3596 1164 3662 mandato
1179 3594 1191 3659 i
1212 3596 1298 3661 detti
1323 3594 1427 3662 Padri

190 3714 225 3778 in
243 3712 380 3778 diuerso
398 3710 497 3795 parti,
517 3711 549 3776 la
569 3712 658 3777 fama
679 3732 847 3778 resonaua
868 3710 925 3796 gii
948 3732 1008 3796 per
1026 3722 1115 3776 tutta
1131 3711 1228 3778 113113
1243 3733 1263 3777 e
1280 3712 1379 3777 fuora
1395 3710 1430 3776 in

185 3838 315 3915 questo
340 3837 467 3912 tempo;
498 3828 620 3891 stando
640 3825 664 3890 il
685 3828 797 3894 Padre
817 3849 837 3892 a
858 3828 963 3893 ueder
983 3828 1141 3894 lauorare
1162 3826 1197 3892 in
1218 3829 1313 3893 detta
1334 3836 1430 3892 stan·

185 3944 350 4023 ehiuzza,
380 3964 462 4011 ecco
490 3964 510 4008 a
537 3963 584 4006 un
613 3952 717 4007 tratto
745 3940 960 4028 comparirno
983 3943 1052 4011 due
1076 3943 1256 4017 reuerendi
1279 3942 1431 4029 religiosi

190 4058 364 4146 germani,
384 4059 435 4125 ira
451 4068 464 4097 ⁰
480 4057 490 4123 i
507 4057 599 4142 quali
616 4078 656 4123 ee
672 4080 716 4125 ne
732 4080 791 4123 era
808 4080 877 4124 uno
894 4060 993 4125 lusco
1009 4060 1053 4125 da
1070 4062 1129 4124 un'
1153 4057 1288 4140 occhio,
1313 4069 1348 4124 et
1369 4061 1432 4123 ha·

198 4196 290 4241 ueua
306 4194 385 4241 seco
401 4183 538 4259 portato
554 4174 622 4241 due
639 4172 804 4240 testieiole
820 4173 854 4239 di
871 4175 984 4259 quelle
998 4173 1134 4261 vergini
1150 4173 1185 4240 di
1201 4175 1276 4244 Sta.
1295 4174 1433 4242 Orsola.

196 4288 353 4357 Arriuati
370 4288 405 4354 in
421 4290 517 4356 detta
533 4300 651 4355 stanza
667 4310 732 4355 con
749 4290 771 4355 1’
790 4288 912 4357 habito
929 4290 963 4356 di
983 4290 1188 4377 pellegrino,
1211 4312 1231 4356 e
1251 4289 1276 4357 11
1297 4290 1434 4376 ingino-

253 4497 267 4537 b
306 4494 343 4548 ln
358 4493 512 4567 margine,
527 4494 678 4551 Amaroni.
715 4510 764 4537 —0
785 4514 823 4569 vn
835 4495 877 4550 ira
891 4499 1021 4564 ms.‚·sed
1030 4497 1153 4553 videtur
1164 4498 1338 4553 redundare
1349 4513 1400 4550 vn.

64 4642 67 4709 Έ-
253 4686 264 4716 ¹
304 4680 380 4737 Vide
399 4698 498 4755 supra,
519 4698 587 4754 pag.
607 4694 668 4751 255.
689 4684 924 4756 limaverim,
949 4686 1018 4739 Vita
1036 4685 1156 4758 Ignatii
1177 4684 1306 4747 Loioloe,
1328 4683 1438 4745 11131ν

197 4788 268 4843 cap.
284 4784 312 4825 2.
