3500 5367
407 456 589 511 Drcrnmua
609 454 640 511 S.
661 456 784 511 lauant
804 468 823 509 a
843 453 874 509 Ρ.
899 455 1054 511 Lnuctcro
1073 468 1239 513 cotenon
1350 466 1405 530 477

202 608 405 689 cessarium,
425 610 657 695 praecludere3
675 609 893 693 malebatque
913 611 1065 676 membra
1084 609 1221 696 putrida
1240 629 1398 680 resecare
1418 631 1438 675 a

203 724 388 794 Societatis
403 746 557 811 corpore,
576 745 676 810 quam
698 726 743 791 ob
764 724 910 791 alicuius
924 725 1026 793 etiam
1047 726 1285 792 scandalosum
1302 727 1437 811 lapsum

202 842 318 927 legem
343 842 538 921 generalem
561 842 661 920 ferre,
683 840 833 907 scandali
854 840 1070 907 occasionem
1091 840 1366 928 prohibente[m],
1389 852 1437 919 et,

203 960 252 1023 ob
269 958 459 1042 aliquorum
477 959 636 1039 abusum,
654 958 782 1023 bonum
799 956 834 1023 in
851 956 927 1023 aliis
945 980 1044 1023 usum
1063 968 1191 1025 uetare.

274 1074 504 1140 Vehementer
520 1083 661 1139 sanctus
678 1074 781 1139 Pater
796 1074 954 1153 canebat,
974 1096 1018 1141 ne
1038 1072 1305 1140 domesticorum
1326 1083 1440 1141 errata

204 1188 283 1255 aliis
306 1188 525 1273 patefaceret,
548 1187 674 1272 quibus
695 1188 739 1253 ad
760 1187 947 1256 remedium
969 1188 1024 1255 vel
1047 1188 1226 1255 consilium
1251 1189 1438 1275 petendum

195 1318 279 1369 ‘non
306 1302 500 1389 indigebat;
523 1302 684 1389 quocirca
710 1324 779 1369 non
807 1324 937 1389 paucos
955 1324 976 1368 e
995 1295 1169 1372 Sbcietate
1187 1303 1328 1383 dimisit,
1350 1326 1440 1389 quae

207 1418 419 1485 dimissionis
436 1439 540 1485 causa
556 1419 656 1487 etiam
675 1440 757 1486 suae
773 1418 1034 1505 gubernationis
1049 1420 1151 1487 sociis
1172 1430 1208 1487 et
1227 1420 1443 1487 adiutoribus

207 1557 281 1600 non
305 1536 457 1620 patebat.
480 1536 637 1601 Duorum
660 1544 774 1601 autern
798 1534 834 1599 in
861 1534 1058 1601 dimissione
1085 1535 1253 1603 rationem
1276 1538 1439 1603 habebat:

207 1649 333 1737 primo,
354 1662 392 1715 ut
408 1652 503 1717 nullo
523 1650 668 1717 innotati
684 1662 828 1735 peccato
843 1650 1033 1733 discedant,
1051 1674 1153 1737 quam
1169 1653 1272 1719 etiam
1293 1655 1338 1719 ob
1357 1674 1441 1719 cau·

206 1788 283 1832 sam
300 1788 369 1831 non
386 1766 579 1832 dimittebat
594 1764 803 1851 quempiam,
821 1766 896 1834 sine
911 1765 1002 1832 iusta
1016 1788 1121 1835 causa
1136 1767 1368 1837 dimissionem
1389 1768 1443 1835 sui

207 1892 463 1966 procurantem3
482 1884 543 1949 sed
559 1893 739 1968 postquam
756 1883 810 1951 vel
826 1884 909 1968 [per]
923 1882 1084 1950 exercitia
1101 1882 1300 1969 spiritualia,
1314 1886 1370 1953 vel
1382 1907 1444 1969 per

210 1998 356 2063 aliorum
370 1996 511 2063 consilia
528 1997 668 2066 rediisse
679 1999 722 2063 ad
735 1998 1054 2085 resignationemac
1065 1998 1326 2066 indifferentiam
1339 2000 1444 2066 animi

210 2112 393 2193 resciebat,
414 2125 496 2181 tunc
513 2114 657 2199 primum
680 2114 774 2181 abire
794 2114 940 2182 sinebat.
967 2116 1137 2198 Alterum,
1159 2117 1251 2200 quod
1273 2114 1308 2181 in
1328 2115 1441 2182 dimit-

212 2230 319 2295 tendo
343 2240 461 2296 sancte
482 2231 701 2311 obseruabat,
727 2239 812 2309 erat,
832 2240 870 2295 ut
891 2232 979 2297 bene
1000 2252 1083 2317 erga
1103 2230 1310 2299 Societatem
1331 2232 1444 2299 affecti

209 2344 442 2413 discederent.
467 2346 567 2411 Vnde
587 2346 692 2413 fiebat
711 2356 750 2410 ut
770 2344 900 2412 dimissi
922 2347 966 2411 ab
985 2368 1028 2413 eo
1047 2356 1167 2432 postea
1186 2368 1332 2433 magnos
1352 2370 1390 2415 se
1409 2360 1446 2415 et
1524 2400 1528 2410 .

213 2458 357 2540 amicos,
381 2470 415 2527 et
435 2462 642 2547 quandoque
662 2462 1103 2543 benefactoresSocietatis
1129 2464 1361 2543 ostenderent,
1384 2484 1444 2530 eo-

214 2597 363 2661 rumque
380 2598 483 2663 opera
499 2591 639 2642 sanctus
661 2579 765 2643 Pater
784 2576 1014 2643 confidentius
1034 2598 1136 2663 quam
1158 2589 1258 2645 antea
1279 2588 1446 2645 uteretur.
1487 2568 1488 2571 ¹

282 2691 437 2758 Moribus
460 2692 657 2777 inconditis,
683 2712 807 2779 graues
834 2689 1042 2774 domesticis,
1067 2693 1199 2760 solebat
1219 2695 1262 2761 ad
1286 2695 1443 2779 collegia,

210 2810 318 2875 rebus
333 2807 496 2875 destituta
512 2808 725 2892 necessariis,
748 2807 922 2895 ablegare;
944 2809 1070 2893 probos
1092 2830 1176 2877 uero
1196 2820 1230 2875 et
1251 2811 1444 2895 obsequen-

211 2936 278 3005 tes,
297 2934 357 2989 aut
374 2924 542 2990 aduocare
558 2926 714 3005 Romam,
733 2935 793 2990 aut
810 2924 844 2990 in
861 2923 936 2990 aliis
950 2924 1118 2991 collocare
1133 2924 1299 3011 collegiis,
1318 2925 1354 2991 in
1366 2927 1445 3011 qui-

210 3040 279 3105 bus
295 3040 487 3107 necessaria
503 3050 735 3125 suppeterent.
755 3042 912 3125 Rogatus
924 3062 944 3105 a
955 3038 1111 3106 ministro
1121 3041 1245 3105 domus
1257 3042 1268 3074 ³
1282 3042 1445 3109 liceretne

212 3164 353 3221 nostros
368 3156 490 3223 tratres
505 3155 679 3241 paruulos,
700 3158 764 3221 boc
781 3166 845 3236 est,
863 3156 921 3239 qui
946 3174 983 3237 ¹4
994 3168 1054 3221 aut
1071 3172 1108 3239 15
1122 3177 1231 3221 annos
1242 3177 1312 3222 non
1323 3178 1443 3225 exces-

210 3270 350 3349 sissent,
370 3270 593 3356 promissione
608 3270 834 3356 praemiorum
851 3271 895 3337 ad
912 3270 1050 3337 uirtutis
1071 3282 1105 3339 et
1126 3270 1301 3338 literarum
1322 3273 1443 3339 arden·

212 3385 261 3451 tia
278 3385 390 3453 studia
407 3385 545 3468 illicere,
565 3396 598 3455 et
615 3386 739 3454 iniecta
755 3386 844 3453 inter
860 3408 920 3453 eos
936 3385 1012 3472 piae
1028 3385 1264 3454 aemulationis
1277 3387 1443 3454 industria

212 3500 356 3568 reddere
373 3500 620 3587 diligentiores3
639 3500 813 3587 respondit
829 3512 970 3568 sanctus
987 3504 1090 3569 Pater
1105 3501 1248 3569 omnino
1263 3502 1299 3568 id
1316 3504 1444 3570 utiliter

210 3616 380 3698 adbiberi,
399 3638 527 3703 eosque
543 3628 704 3702 tanquam
722 3628 839 3685 tenera
854 3617 1059 3683 animalcula
1075 3616 1128 3698 iis,
1146 3640 1234 3702 quae
1254 3618 1337 3705 ipsis
1358 3619 1443 3685 arri—

210 3735 309 3811 dent,
329 3752 429 3817 posse
445 3733 488 3799 ad
505 3732 693 3799 honestatis
709 3732 820 3798 officia
836 3732 925 3799 allici
941 3734 968 3802 ⁴.

282 3848 370 3914 Cum
386 3848 519 3915 uideret
535 3848 668 3933 aliquos
684 3860 838 3915 maturae
855 3847 1004 3929 uirtutis,
1028 3871 1097 3916 non
1118 3850 1298 3941 sanguinis
1317 3860 1352 3916 et
1373 3860 1443 3917 ter-

212 3984 317 4031 renae
334 3962 382 4030 rei
399 3962 543 4030 alicuius
563 3984 690 4043 amore,
714 3966 774 4031 sed
795 3963 931 4050 pietatis
951 3975 1047 4033 casto
1068 3979 1174 4052 gustu
1194 3964 1275 4031 duci
1295 3966 1340 4031 ad
1359 3986 1444 4031 con·

133 4159 139 4173 ι
212 4079 418 4145 seruandam
436 4080 649 4163 frequentius
665 4090 699 4145 et
712 4082 904 4165 augendam
918 4080 1114 4166 opinionem
1127 4084 1253 4147 bonam
1264 4082 1309 4148 de
1321 4081 1442 4158 altere,
1472 4162 1475 4167 Ι

212 4195 318 4260 istum
335 4194 432 4260 alteri
449 4193 542 4261 socio
558 4195 690 4261 absenti
711 4195 880 4281 exquisite
900 4197 1039 4263 laudare
1061 4197 1193 4263 solebat
1212 4207 1248 4263 et
1268 4216 1443 4263 commen-

212 4312 308 4393 dare,
329 4322 367 4376 ut
382 4331 424 4378 eo
436 4310 546 4396 magis
560 4310 669 4376 uirtus
685 4310 798 4392 vnius,
812 4322 932 4377 ornata
948 4311 1243 4379 commendatione
1254 4310 1364 4378 sancti
1377 4312 1443 4376 Pa-

212 4425 287 4506 tris,
307 4426 403 4493 alteri
416 4436 507 4494 esset
521 4426 646 4507 utilior,
662 4438 695 4494 et
713 4427 856 4494 maiores
873 4427 907 4492 in
924 4426 1044 4514 spiritu
1064 4427 1198 4512 utrique
1214 4438 1348 4513 pareret
1364 4448 1445 4513 pro·

267 4588 278 4620 ⁵
315 4584 371 4641 Hic
385 4594 448 4643 erat
463 4588 494 4642 P.
511 4586 679 4643 Ludovicus
698 4586 887 4644 Consalvius.

266 4678 277 4710 ⁴
314 4674 504 4739 Memoriam,
519 4692 585 4747 pag.
602 4689 665 4739 201,
680 4694 709 4733 n.
727 4688 787 4730 tot.
