3500 5367
37 13 536 182 ,μ’

527 534 639 592 Causa
658 535 693 591 P.
713 533 844 608 Sruonrs
862 535 1031 591 Ronrarcrr
1307 531 1364 604 673

160 691 252 757 dado
266 690 312 756 da
328 687 544 776 Companhia
558 709 658 755 como
673 709 695 754 0
710 693 783 756 sao.
802 689 831 754 E
851 708 954 755 nosso
970 689 1103 757 Senhor
1120 709 1160 756 os
1181 690 1285 754 tenha
1306 709 1326 752 a
1344 697 1397 754 to÷

161 809 226 873 dos
240 806 284 874 de
301 827 364 872 sua
376 811 465 872 mac.
790 813 803 828 '
845 822 848 826 ·

229 925 284 989 De
300 921 426 990 Lisboa
442 941 502 988 aos
519 937 563 1003 24
578 920 622 987 de
633 918 773 1008 Janeiro
788 919 833 986 de
852 935 950 1004 1554.
1002 1013 1032 1078 R
1235 1010 1246 1040 ¹

237 1045 247 1064 ·
1034 1029 1219 1080 onmouas
1254 1059 1261 1074 .

233 1127 430 1212 Inscriptio.
454 1126 551 1214 †A0
570 1145 654 1210 muy
675 1125 826 1264 Rdo.†P.
849 1135 976 1194 mestre
992 1126 1115 1210 lnatio,
1139 1124 1312 1213 preposito
1334 1143 1397 1210 ge—

161 1271 214 1350 ral
228 1271 273 1336 da
290 1267 493 1354 Conpanhia
507 1269 553 1334 do
569 1288 671 1333 nome
686 1268 730 1334 de
742 1268 826 1350 Ihs.,
844 1289 898 1335 em
917 1269 1038 1334 Roma.

231 1385 353 1452 Monet
367 1406 448 1451 cora
463 1383 644 1470 hispanico
660 1383 784 1470 sigilli.

699 1597 707 1614 ·
759 1563 810 1644 68

167 1699 332 1766 RERUM
355 1695 602 1764 NARRATIO
627 1693 693 1762 AD
718 1695 1010 1762 RODERICIUM
1032 1693 1367 1763 SPECTANTIUM
1393 1693 1400 1724 ¹

166 1843 195 1896 A
205 1856 332 1895 munere
342 1837 544 1912 provincialis
551 1835 722 1908 praepositi
733 1836 913 1892 Lusitaniae
928 1835 1106 1892 Roderioius
1122 1833 1404 1893 remeatum-tta

190 1959 195 1972 .
221 1947 306 1983 mam
318 1928 364 1982 iro
375 1926 529 1999 adigitur.
535 1925 689 1996 —Judicas
701 1925 739 1980 ob
751 1924 875 1998 ignatio
891 1926 1131 1989 cortslituuntur,
1145 1924 1199 1996 qui
1216 1923 1302 1978 illius
1314 1923 1404 1995 forta

221 2013 752 2085 examinant.-Domnotur.-Ejus
764 2019 833 2070 octo
843 2019 911 2086 post
918 2015 1062 2084 judicum
1075 2012 1266 2070 sententiam.

674 2156 770 2224 1553,
795 2136 909 2228 [1554]

208 2287 457 2355 INFORMACION
474 2303 522 2350 DE
538 2302 605 2350 Las
621 2302 734 2350 COSAS
756 2285 825 2350 DEL
843 2303 875 2349 P.
896 2304 1007 2350 MTRO.
1029 2289 1140 2352 SIMON
1159 2289 1368 2350 RODRlGUEZ

239 2429 308 2494 Los
323 2425 510 2492 disturbios
525 2447 549 2510 y
565 2425 714 2509 trabajos
726 2445 794 2509 que
809 2425 951 2512 padecid
966 2426 999 2493 la
1010 2427 1201 2512 Campania
1217 2448 1261 2494 en
1279 2427 1406 2492 Portu-

169 2545 230 2630 gal
251 2565 313 2628 por
336 2543 438 2627 culpa
460 2541 516 2609 del
537 2542 577 2607 P.
602 2544 705 2610 Mtro.
724 2541 843 2610 Simon
866 2563 1030 2628 passaron
1055 2553 1113 2608 tan
1133 2542 1304 2622 adelante,
1322 2564 1345 2626 y
1365 2563 1407 2606 su

169 2657 471 2728 desobedienciao
488 2655 673 2726 renitencia
689 2679 732 2724 en
749 2679 794 2724 no
811 2679 935 2742 querer
951 2657 1031 2724 salir
1047 2658 1090 2726 de
1114 2659 1249 2743 aquelln
1265 2656 1406 2742 provin-

168 2776 226 2844 cia
241 2777 321 2862 (que
336 2795 395 2840 era
409 2773 441 2840 el
459 2772 560 2839 unico
577 2772 726 2840 remedio
742 2773 785 2838 de
802 2773 965 2860 todo)'fue
983 2785 1038 2841 tan
1057 2775 1188 2861 grande
1204 2774 1407 2860 yescanda-
1424 2779 1428 2789 '

170 2894 259 2972 losa,
278 2910 345 2974 que
361 2888 478 2975 obligo
493 2893 514 2953 a
529 2890 574 2954 N.
593 2889 629 2955 S.
651 2891 690 2954 P.
710 2889 886 2975 lgnacioa
906 2889 967 2955 dar
989 2891 1096 2957 orden
1112 2911 1181 2974 que
1197 2891 1311 2957 inesse
1328 2889 1404 2954 des-

172 3005 300 3094 pedido
315 3007 359 3073 de
373 3006 407 3070 la
419 3005 609 3090 Compania
625 3003 654 3070 si
667 3025 711 3070 no
727 3004 903 3085 obedecia‚
918 3027 1017 3071 como
1033 3015 1153 3072 consta
1168 3006 1212 3070 de
1229 3026 1297 3071 una
1313 3015 1408 3070 carta

173 3165 376 3177 --.....-..

230 3253 242 3283 ³
279 3248 345 3302 Non
358 3254 441 3302 certo
453 3244 539 3302 nobis
552 3252 669 3300 constat
681 3245 816 3318 quisnam
834 3244 873 3301 sit
891 3245 939 3302 hic
953 3246 1009 3316 vir,
1021 3257 1219 3318 cognomento
1231 3250 1409 3323 Rodrigues‚
1435 3269 1438 3274 ·

173 3354 232 3393 nec
244 3335 331 3392 facire
345 3334 374 3390 id
391 3349 570 3406 cognoscere
589 3342 647 3404 est,
665 3333 890 3414 cumlirequens
913 3334 943 3390 in
965 3335 1145 3406 Portugallia
1163 3347 1252 3411 atque
1266 3339 1409 3412 Hispania

173 3424 344 3498 hujusmodi
367 3439 533 3495 cognomen
549 3423 723 3495 reperiatur.
744 3424 888 3478 Attamen
910 3425 1084 3496 conjicimus
1106 3426 1136 3482 in
1159 3427 1261 3500 primis
1285 3447 1322 3485 ex
1346 3431 1409 3502 ipsa
1500 3452 1504 3460 ·

174 3514 303 3587 epistola
314 3514 397 3570 illum
415 3529 472 3568 non
490 3529 558 3568 esse
576 3512 705 3568 Simonis
721 3513 853 3583 fratrem,
866 3513 1017 3570 doctorem
1032 3515 1235 3587 parisiensem,
1250 3521 1300 3592 qui
1319 3520 1410 3575 Seba-

174 3606 291 3662 stianus
302 3603 469 3674 Rodrigues
481 3601 520 3658 de
533 3602 675 3658 Azevedo
687 3603 891 3674 appellabatur
903 3612 934 3659 et
946 3604 1094 3675 Ignatium
1107 3607 1172 3662 sine
1185 3607 1277 3667 dubio
1289 3610 1411 3666 Parisiis

175 3702 312 3765 noverat3
326 3693 424 3765 potius
436 3709 505 3747 esse
524 3691 728 3747 existimamus
745 3693 896 3748 doctorem
911 3694 1025 3764 Paium,
1039 3697 1103 3760 sive
1123 3695 1289 3768 Pelagium,
1309 3699 1410 3755 Rodri·

174 3801 264 3856 gues,
278 3783 327 3855 qui
341 3789 405 3836 erat
418 3780 535 3852 «gravis
552 3779 670 3853 quidam
684 3781 746 3836 vir»
760 3790 791 3836 et
804 3781 930 3851 collegio
952 3783 1044 3853 Regis
1065 3785 1292 3842 conimbricensi
1313 3806 1411 3860 iprae·

175 3872 292 3928 iuerat»
307 3880 339 3927 ut
351 3870 393 3925 ait
406 3870 589 3940 PotnuctJS,
606 3869 736 3940 Chron„
750 3871 787 3940 V,
799 3885 862 3942 590.
877 3871 935 3926 Hic
948 3890 1019 3927 vero
1033 3873 1144 3945 optime
1157 3876 1249 3931 nostri
1264 3877 1413 3933 Rodericii

176 3961 292 4018 amicus
304 3977 372 4015 esse
384 3965 510 4030 poterat,
521 3967 552 4014 et
563 3957 663 4014 dicere
676 3975 752 4031 quae
765 3957 795 4014 in
809 3961 864 4015 hac
877 3960 1000 4031 epistola
1019 3961 1167 4032 leguntur.

238 4055 245 4086 ¹
283 4051 327 4105 Ex
345 4049 525 4121 apographo,
539 4048 570 4103 in
588 4047 731 4103 fasciculo
755 4047 856 4103 Causa
870 4051 907 4104 P.
924 4049 1058 4106 Simonis
1080 4053 1293 4128 Rodriguas‚6
1311 4057 1341 4111 ff.
1355 4073 1414 4112 non

179 4137 354 4196 numeratis.
375 4137 451 4208 Quis
469 4136 558 4192 fuerit
575 4137 662 4208 hujus
679 4137 854 4193 narrationis
870 4147 974 4194 auctor
991 4137 1020 4194 in
1039 4157 1074 4195 ea
1087 4141 1205 4212 quidem
1224 4161 1282 4199 non
1295 4140 1414 4213 dicitur;

178 4237 297 4286 constat
308 4226 499 4290 nihilominus
513 4243 550 4280 ex
568 4225 701 4297 ejusdem
718 4235 859 4282 contextu
873 4226 970 4300 (inira,
986 4244 1053 4300 pag.
1068 4228 1132 4298 681)
1145 4232 1272 4304 aliquem
1291 4251 1326 4288 ex
1346 4251 1416 4306 qua-

179 4316 418 4390 conjudicibus,
432 4315 482 4388 qui
495 4330 601 4370 causae
614 4314 822 4383 interfuerunt,
836 4333 903 4372 esse
916 4315 1066 4376 debuisse.
1081 4319 1117 4372 Et
1131 4320 1216 4374 nobis
1228 4321 1346 4392 quidem
1362 4323 1416 4377 Po·

181 4411 285 4464 laneus
297 4404 474 4462 narrationis
486 4412 588 4459 auctor
602 4403 730 4474 videtur,
749 4404 799 4477 qui
817 4422 887 4477 prae
904 4405 1031 4462 caeteris
1050 4407 1158 4477 omnia,
1178 4425 1255 4481 quae
1273 4427 1308 4464 ea
1327 4410 1364 4464 de
1384 4429 1416 4466 re

180 4498 292 4569 scripta
307 4495 438 4566 luerunt,
456 4494 587 4571 tenebat.
607 4493 775 4548 Notandum
794 4495 863 4550 'vero
882 4503 928 4551 est
947 4496 1051 4551 mirum
1071 4495 1164 4552 videri
1183 4498 1261 4570 quod
1282 4499 1417 4570 ignatius

182 4604 273 4659 saepe
286 4585 316 4640 in
335 4586 390 4639 hac
400 4583 564 4639 narratione
578 4584 742 4654 appelletur
762 4584 817 4638 «N.
832 4584 864 4639 S.
879 4584 912 4638 P.
928 4585 1075 4655 Ignaciou,
1089 4603 1175 4657 quam
1189 4589 1416 4658 appellationem

182 4676 282 4731 eidem
296 4674 386 4729 tribui
401 4670 529 4744 aprimis
542 4670 621 4726 illius
634 4671 723 4727 sociis
736 4688 795 4727 non
813 4674 955 4746 legimus3
969 4691 1059 4747 quare
1073 4675 1276 4731 existimamus
1289 4679 1417 4734 litteram

184 4765 242 4820 «S»
255 4766 353 4834 abeo,
366 4761 418 4835 qui
430 4762 630 4834 apographum
643 4760 771 4833 scripsit,
786 4761 914 4818 additam
928 4761 1031 4820 inisse.

320 4859 422 4905 Monuit.
438 4857 654 4902 lorcam-Serra
667 4857 714 4913 IV,
729 4869 785 4903 rou.
802 4859 824 4903 1.
1258 4865 1286 4906 tu
