3500 5367
261 443 300 486 m
638 432 847 487 Mouuusuta
865 432 1042 487 lonas-mus
1070 451 1073 457 ·

222 585 305 670 ejus·
322 583 357 650 in
385 583 632 671 Portugalliam
654 585 816 665 adventu,
835 593 977 653 exarata
997 595 1080 651 sunt
1102 587 1141 666 ¹⁰,
1158 583 1300 653 minime
1315 607 1397 652 vero
1421 584 1456 650 in

118 738 122 743 -
225 702 314 769 facta
329 700 403 786 ipsa
424 711 484 767 aut
500 699 592 769 dicta
611 700 723 767 sancti
744 699 882 787 Ignatii,
900 721 989 787 quae
1008 721 1144 768 summa
1162 700 1230 767 fide
1251 700 1457 768 Consalvius

223 817 259 883 in
272 816 477 897 adversaria,
493 816 599 883 ferme
614 817 735 883 eodem
748 837 817 901 quo
829 816 1032 884 accidebant
1045 828 1210 904 tempore,
1225 816 1410 886 referebat.

293 952 325 1017 3.
374 932 528 1019 Epistola
544 931 657 999 Patris
672 930 796 1003 Lainii.

291 1048 446 1118 Celebris
461 1059 526 1129 est,
544 1048 588 1115 ad
603 1047 813 1135 ignatianam
834 1048 940 1115 vitam
960 1048 1195 1115 illustrandam
1212 1049 1305 1133 quod
1320 1047 1455 1127 attinet,

225 1164 371 1250 epistola
392 1163 504 1231 Patris
520 1162 640 1254 Jacobi
661 1163 788 1244 Lainii,
814 1163 970 1231 Bononia
995 1166 1035 1231 16
1049 1162 1144 1250 Junii
1159 1180 1258 1247 Ι1547
1281 1164 1377 1230 data.
1404 1166 1458 1231 De

226 1302 294 1366 qua
309 1279 452 1365 epistola
463 1279 535 1365 jam
551 1279 632 1347 olim
648 1280 840 1365 quaesitum
853 1289 919 1363 est,
933 1302 978 1346 an
996 1279 1090 1347 Patri
1106 1280 1309 1359 Salmeroni,
1324 1280 1379 1346 vel
1394 1300 1455 1365 po·

228 1396 295 1461 tius
313 1396 406 1463 Patri
424 1397 587 1477 Polanco,
605 1395 733 1483 scripta
755 1394 870 1478 fuerit3
890 1406 1071 1483 propterea
1085 1396 1178 1481 quod
1202 1394 1236 1461 in
1252 1394 1457 1480 quibusdam

225 1511 477 1597 exemplaribus
488 1510 665 1597 inscriptio
677 1511 874 1596 hujusmodi
890 1512 1085 1598 apponitur:
1102 1512 1208 1598 Copia
1223 1511 1264 1577 da
1274 1533 1345 1579 vno
1360 1519 1456 1577 carta

225 1628 280 1693 del
301 1626 389 1696 Rdo.
415 1629 457 1694 P.
481 1628 532 1694 M.
551 1630 691 1715 Laynez
710 1628 746 1693 al
766 1628 853 1693 Rdo.
877 1629 924 1697 P.
948 1625 999 1695 M.
1025 1628 1219 1696 Sulmerdn.
1241 1629 1291 1694 At
1310 1616 1393 1693 vero
1412 1628 1456 1693 ab

227 1743 313 1822 aliis,
337 1754 429 1811 recte
449 1742 604 1829 quidem,
627 1741 751 1810 dicitur
771 1757 912 1810 exarata
933 1766 954 1811 a
977 1746 1080 1811 Patre
1099 1744 1310 1823 Salmerone,
1337 1742 1456 1811 Lainio

225 1859 390 1933 dictante,
415 1870 519 1945 atque
542 1859 586 1924 ab
610 1870 756 1943 utroque
781 1858 935 1925 Bononia
961 1860 1056 1927 Patri
1080 1860 1230 1926 Polanco
1253 1857 1374 1926 missa.
1403 1860 1455 1926 Ac

227 1997 327 2055 sane,
350 1973 528 2060 epistolam
549 1974 741 2043 Salmeroni
762 1975 900 2042 missam
922 1996 991 2041 non
1016 1972 1138 2055 luisse,
1160 1996 1203 2041 ex
1223 1973 1282 2055 iis,
1305 1995 1393 2059 quae
1413 1975 1457 2059 ad

226 2092 354 2159 calcem
377 2089 483 2176 ipsius
506 2090 739 2171 continentur,
762 2090 880 2177 colligi
903 2090 986 2158 satis
1006 2090 1152 2158 videtur:
1178 2090 1318 2157 missam
1342 2101 1457 2155 autem

230 2207 325 2274 Patri
349 2208 498 2273 Polanco
521 2206 638 2287 fuisse,
660 2228 680 2272 a
701 2206 833 2285 Lainio,
857 2205 1067 2275 Salmeronis
1090 2181 1205 2292 opera¹
1219 2228 1294 2287 uso,
1312 2227 1392 2272 cum
1415 2227 1457 2272 ex

226 2323 314 2403 aliis,
333 2334 404 2389 tum
432 2344 475 2389 ex
499 2322 693 2390 testimonio
718 2301 829 2389 Patris
853 2320 1112 2401 Ribadeneirae,
1138 2321 1226 2388 infra
1250 2341 1313 2388 suo
1341 2321 1458 2392 locoa

229 2438 327 2505 nobis
354 2439 587 2525 producend0,
616 2437 795 2523 perspicue
823 2449 968 2524 constat.
999 2439 1050 2503 Ex
1077 2457 1147 2522 quo
1173 2448 1314 2523 apparet
1341 2435 1456 2515 etiam,

229 2575 375 2639 magnae
390 2556 456 2620 hoc
467 2564 731 2621 monumentum
752 2574 827 2621 esse
847 2552 1072 2634 auctoritatis,
1091 2562 1210 2639 utpote
1226 2575 1247 2617 a
1262 2550 1456 2638 prudentis·

227 2670 322 2737 simis
344 2668 436 2749 viris,
455 2669 590 2755 Ignatio
611 2668 844 2749 familiaribus,
862 2669 1106 2756 conscriptum,
1123 2679 1229 2753 atque
1248 2688 1290 2737 eo
1307 2678 1459 2753 tenpore

227 2784 474 2870 conscriptum,
492 2804 582 2851 anno
603 2783 732 2853 scilicet
753 2799 848 2867 1547,
868 2804 946 2851 cum
964 2784 1144 2864 factorum,
1163 2804 1251 2868 quae
1271 2784 1459 2851 narraban-

205 2990 206 2993 ,
230 2913 298 2981 tur,
317 2900 480 2967 memoria
500 2900 612 2966 adhuc
637 2899 782 2986 vigeret,
800 2898 904 2966 immo
921 2920 1041 2968 recens
1061 2902 1105 2967 de
1125 2899 1330 2985 quibusdam
1351 2899 1458 2966 habe-

229 3019 343 3095 batur,
362 3037 507 3101 quorum
524 3029 559 3085 et
575 3015 639 3101 ipsi
654 3027 759 3083 testes
776 3016 986 3083 auriculares
1002 3026 1064 3081 aut
1077 3015 1204 3082 oculati
1220 3016 1369 3083 fuerant.

298 3133 406 3197 Porro
429 3131 538 3199 Lainii
561 3131 715 3217 epistola,
738 3153 841 3216 quam
862 3153 944 3216 prae
966 3131 1125 3198 manibus
1145 3133 1329 3210 habemus,
1355 3129 1460 3195 vitam

232 3246 355 3333 Ignatii
378 3234 426 3313 ab
447 3246 552 3331 hujus
575 3248 618 3315 ad
642 3249 754 3316 Deum
775 3247 1000 3314 conversione
1024 3245 1262 3332 complectitur
1285 3267 1396 3332 usque
1419 3246 1463 3311 ad

229 3384 359 3427 annum
381 3379 477 3447 1547,
495 3384 564 3447 quo
577 3362 704 3449 scripta
718 3374 783 3442 est,
799 3373 902 3446 atque
917 3384 958 3429 ea
975 3360 1188 3448 potissimum
1206 3360 1358 3448 attingit,
1374 3380 1464 3446 quae

230 3480 452 3549 illustrandae
478 3477 684 3555 institutioni
712 3476 895 3547 Societatis
922 3476 1087 3546 inservire
1114 3488 1276 3563 possunt.
1311 3479 1395 3542 Eam
1427 3476 1463 3541 in

210 3596 389 3673 eumdem
416 3616 558 3681 scopum
586 3594 770 3661 collineare
800 3592 949 3672 diceres,
979 3614 1081 3677 quem
1109 3593 1199 3659 Acta
1227 3590 1463 3676 antiquissima

228 3710 449 3777 consalviaua
465 3710 663 3796 respiciunt,
682 3730 722 3776 ac
744 3708 885 3795 perinde
905 3720 1009 3793 atque
1025 3711 1111 3776 haec
1131 3707 1314 3788 historiciS,
1333 3706 1391 3792 qui
1409 3729 1463 3774 res

229 3838 347 3912 gestas
365 3825 487 3912 Ignatii
503 3825 670 3911 complexi
686 3836 779 3904 sunt,
796 3840 923 3911 magno
940 3847 1004 3897 usu
1014 3826 1138 3892 ¹fuisse.
1158 3826 1321 3893 Testatur
1335 3823 1371 3888 id
1387 3823 1457 3889 lau·

229 3944 332 4009 datus
345 3940 570 4009 Ribadeneira
586 3942 620 4007 in
634 3942 779 4028 prologo
790 3942 903 4008 editae
919 3964 938 4007 a
955 3964 992 4009 se
1008 3940 1129 4027 Ignatii
1142 3941 1245 4007 vitae:
1263 3943 1462 4006 «Postremo

229 4081 271 4125 ea
294 4058 396 4125 etiam
421 4058 646 4139 narrabimus,
669 4080 758 4143 quae
785 4079 805 4123 a
829 4059 873 4124 R.
902 4062 945 4127 P.
965 4059 1097 4144 Jacobo
1125 4058 1254 4142 Layne,
1277 4054 1461 4123 Societatis

231 4184 368 4243 nostrae
386 4172 586 4260 Praeposito
602 4173 776 4254 Generali,
791 4176 846 4242 vel
862 4194 1023 4242 sermone
1039 4173 1094 4239 vel
1109 4172 1237 4257 scripto
1253 4170 1460 4257 accepimus:

283 4391 304 4421 ¹⁰
342 4388 464 4461 Appulit
481 4387 659 4445 Cousalvius
680 4387 711 4445 in
728 4386 939 4459 Portugalliam
952 4387 1075 4443 ineunte
1091 4402 1168 4443 anno
1188 4386 1268 4455 1556,
1285 4403 1354 4441 cum
1371 4385 1465 4439 Roma

229 4478 372 4534 cessisset
385 4475 420 4531 23
432 4476 572 4535 Octobris
587 4491 666 4547 15553
680 4494 757 4534 anno
773 4476 841 4547 1573
854 4478 927 4532 haec
939 4476 1150 4532 commentaria
1162 4475 1291 4547 scripsit3
1305 4475 1380 4546 obiit
1393 4490 1465 4528 vero

204 4588 207 4595 ·
230 4567 385 4639 Olisipone
401 4578 433 4635 15
446 4566 543 4623 Martii
564 4579 641 4638 1575,
657 4584 765 4625 annum
783 4584 875 4638 agens
889 4567 968 4622 vitae
986 4583 1058 4621 suae
1075 4578 1147 4625 ivn,
1166 4564 1214 4620 Cf.
1234 4565 1396 4633 FnaucuS,
1414 4580 1463 4636 op.

230 4655 295 4725 cit,
311 4673 377 4728 pag.
393 4670 436 4726 ³7.
