3500 5367
35 13 526 181 F*
590 140 594 148 ,

540 549 651 607 Causa
670 548 705 604 Ρ.
725 548 855 604 Smoms
874 547 1043 606 Ronsmcu
1317 548 1372 620 689

168 703 205 771 le
221 703 411 783 consentio,
429 715 528 770 antes
544 705 576 769 le
593 704 650 770 fue
665 701 769 768 dicho
783 723 851 786 que
868 723 914 768 no
934 706 1170 783 eomencasee
1191 715 1354 770 executar
1375 704 1407 770 la

168 819 343 887 sententia
358 821 457 886 hasta
472 841 540 903 que
555 818 770 886 habiasemos
786 823 806 882 d
823 819 868 884 Ν.
885 820 940 896 Ρ.,
955 839 1022 903 que
1038 822 1088 884 asi
1105 838 1169 884 nos
1186 817 1220 882 lo
1232 819 1334 884 hauia
1351 838 1408 884 ora
1458 858 1463 870 ·

168 934 319 1016 denado;
337 957 361 1020 y
375 935 407 1002 el
423 947 588 1003 entonzes
603 956 642 1001 se
656 934 808 1012 leuanto,
823 933 995 999 hablando
1008 933 1051 1001 de
1062 933 1094 998 la
1111 932 1321 1020 benignidad
1339 954 1408 1018 que

167 1069 240 1116 con
266 1050 299 1116 el
318 1052 498 1116 hauiamos
518 1051 638 1130 usado,
660 1048 876 1117 mereziendo
903 1050 1028 1115 mucha
1051 1053 1124 1114 mas
1144 1047 1325 1116 seueridad
1348 1070 1408 1116 sus

169 1165 337 1233 defectos
358 1167 455 1232 Todo
475 1176 550 1232 esto
572 1170 673 1251 passo
692 1164 794 1231 dicho
813 1165 883 1246 dia,
909 1187 982 1233 mes
1004 1185 1026 1250 y
1051 1173 1130 1245 anu,
1156 1174 1331 1249 presentes
1355 1164 1408 1232 los

169 1281 288 1348 arriua
303 1281 591 1370 nombradOS,los
606 1282 725 1365 quales
746 1281 845 1361 todos
862 1281 928 1367 (del
944 1301 988 1348 en
1005 1281 1114 1360 fuera,
1138 1281 1157 1345 a
1179 1280 1281 1366 quien
1303 1302 1350 1345 no
1372 1301 1409 1348 se

172 1397 278 1484 pedio
292 1399 326 1464 lo
342 1397 485 1482 hiziesel
498 1418 541 1462 en
565 1396 759 1465 testimonio
781 1398 825 1465 de
845 1397 878 1462 la
901 1396 1028 1463 uerdad
1048 1395 1082 1462 lo
1103 1396 1343 1462 confirmamus
1366 1397 1409 1462 de

174 1525 339 1581 nuestros
354 1514 527 1580 nombres

245 1631 374 1696 Doctor
390 1631 528 1712 Myona.
578 1631 704 1696 Martln
719 1629 763 1695 de
779 1627 904 1695 Olaue.
948 1629 1038 1716 Joan
1055 1628 1099 1693 de
1110 1627 1272 1692 Polanco.

416 1744 541 1811 Pontio
557 1743 776 1830 Cogordan0.
825 1741 909 1810 Luis
924 1743 1002 1809 Glz.
1051 1741 1217 1811 Melchior
1233 1743 1366 1808 Carn.¹⁰

244 1861 276 1926 A
292 1863 404 1946 tergo.
422 1859 602 1928 Sententia
618 1858 799 1944 originale,
821 1874 918 1942 1554.

245 1977 327 2046 Atta
341 1996 464 2043 inunu.
483 1975 628 2042 Videtur
644 1985 814 2042 secretum
831 1975 970 2042 habere.

773 2146 824 2226 7⁰

228 2279 380 2346 BREVE
408 2278 635 2345 RAYNUTII
660 2233 958 2358 CARDINALlS,
988 2278 1367 2346 POENITENTIARII

711 2415 844 2462 uaxrur
869 2396 878 2427 ¹
1392 2422 1396 2430 ·

178 2556 330 2626 Impetrat
343 2557 521 2611 Rodericius
540 2573 571 2611 se
592 2555 687 2610 eximi
707 2555 745 2609 ab
764 2555 884 2628 Ignatii
904 2559 933 2611 et
958 2555 1115 2610 Societatis
1136 2555 1315 2618 obedientia,
1338 2559 1365 2609 et
1380 2559 1414 2608 ut

295 2644 385 2721 ticeqt
398 2646 426 2699 ei
437 2662 507 2699 cum
520 2643 609 2709 socio,
622 2655 643 2699 te
655 2661 685 2700 se
697 2643 849 2717 eligendo,
861 2644 1052 2700 eremiticam
1064 2645 1160 2698 uitam
1174 2645 1293 2700 ducere.

248 2787 441 2872 Raynutiu‘s
457 2799 524 2854 etc.
549 2787 677 2854 dilecto
698 2787 733 2854 in
749 2789 840 2873 Xpo.
859 2787 992 2855 Simoni
1015 2787 1185 2866 Roderici,
1214 2787 1413 2872 presbytero

172 2903 289 2970 visen.
307 2901 412 2982 dioc,
430 2903 613 2972 Societatis
624 2906 709 2992 Jesu
726 2901 922 2989 professori,
941 2903 1086 2970 salutern
1104 2915 1170 2970 etc.

247 3021 298 3084 Ex
313 3031 409 3104 parte
426 3029 485 3086 tua
501 3019 600 3085 nobis
616 3019 731 3085 oblata
747 3016 865 3106 petitio
881 3018 1080 3086 continebat
1091 3020 1184 3105 quod
1197 3031 1247 3102 tu,
1262 3019 1320 3103 qui
1334 3041 1414 3106 pro-

176 3135 379 3213 fessionem,
397 3157 459 3220 per
481 3134 660 3220 religiosos
680 3155 743 3202 seu
762 3135 982 3220 presbyteros
1002 3135 1185 3204 Societatis
1201 3138 1283 3223 Jesu
1305 3133 1415 3201 emitti

176 3249 330 3331 solitam,
347 3250 490 3319 emisisti
507 3252 714 3337 regularem,
735 3252 779 3317 ob
801 3249 949 3318 melioris
966 3250 1057 3318 vitae
1080 3252 1230 3336 frugem,
1253 3262 1289 3317 et
1308 3261 1346 3316 vt
1362 3251 1416 3317 in-

175 3365 310 3432 tentius
325 3387 404 3432 cum
427 3367 619 3433 humilitate
634 3366 748 3433 cordis
775 3365 955 3433 Altissimo
985 3367 1139 3432 famulari
1168 3368 1295 3447 valeas
1318 3365 1416 3452 cupis

174 3480 291 3548 vitam
309 3481 543 3550 heremiticam
564 3483 703 3551 ducere.
732 3483 850 3568 Quare
871 3481 1056 3569 supplicari
1078 3481 1207 3563 fecisti,
1231 3482 1292 3548 tibi
1313 3504 1417 3569 super

179 3597 240 3663 his
255 3619 316 3683 per
331 3599 447 3681 sedem
464 3598 685 3684 apostolicam
702 3597 746 3663 de
762 3610 955 3684 opportuno
972 3597 1123 3666 remedio
1139 3610 1152 3638 ²
1169 3597 1361 3684 prouidere.

251 3714 323 3780 Nos
346 3713 464 3799 igitur,
491 3713 689 3780 huiusmodi
712 3713 1020 3799 supplicationibus
1043 3712 1209 3794 inclinati,
1233 3735 1273 3780 ac
1294 3714 1418 3782 uolen-

180 3840 239 3896 tes
254 3839 335 3908 etc.,
354 3829 493 3914 speciali
510 3827 583 3913 tibi,
602 3840 652 3909 vt,
674 3828 860 3915 superioris
882 3828 933 3895 tui
948 3828 1086 3896 licentia
1107 3850 1168 3914 per
1189 3841 1222 3894 te
1244 3831 1298 3898 vel
1314 3830 1418 3896 alium

176 3965 290 4029 super
305 3946 372 4011 hoc
394 3945 510 4030 petita,
533 3945 614 4012 licet
632 3965 702 4010 non
724 3945 878 4026 obtenta,
901 3955 998 4013 extra
1018 3946 1138 4011 domos
1159 3956 1192 4012 et
1214 3946 1289 4012 loca
1313 3967 1418 4033 regu-

52 4069 55 4078 '
178 4059 271 4128 laria
284 4060 367 4126 dicti
387 4059 529 4139 ordinis,
556 4061 595 4128 in'
618 4060 734 4145 aliquo
760 4059 992 4141 heremitori0,
1022 4061 1179 4140 ecclesia,
1210 4062 1341 4148 capella
1366 4065 1419 4131 vel

52 4156 57 4182 ⁵
176 4176 255 4244 alio
271 4176 380 4243 locoa
395 4187 475 4244 cetu
492 4175 670 4242 hominum
682 4175 822 4245 remotis
838 4188 872 4243 et
889 4177 932 4243 ad
949 4175 983 4242 id
1000 4177 1213 4262 opportunis,
1230 4200 1290 4263 per
1307 4189 1341 4245 te
1357 4178 1418 4246 eli-

54 4275 64 4315 ÷¹
179 4292 304 4380 gendi,
322 4293 438 4376 aliquo
454 4293 591 4361 decenti
618 4292 739 4360 habitu
766 4292 967 4360 heremitico
993 4303 1139 4372 retentu,
1165 4305 1199 4359 et
1221 4297 1364 4363 honeste
1381 4315 1421 4361 ac

57 4527 60 4545 ἲ
240 4468 255 4495 ²
278 4451 406 4507 Verbum
419 4456 527 4519 exstat,
541 4453 621 4523 quod
634 4452 684 4506 vix
702 4452 765 4524 legi
778 4456 886 4524 potest:
901 4427 1023 4507 videtur
1039 4452 1107 4515 nri..
1121 4457 1176 4507 aret
1196 4453 1261 4522 uri,
1276 4459 1332 4508 aut
1348 4455 1422 4524 quid

58 4546 64 4554 ‘
179 4539 299 4598 simile.
1472 4537 1476 4544 ’

61 4740 76 4759 ι,
243 4683 251 4717 ¹
289 4685 333 4738 Ex
350 4683 529 4754 apographo,
548 4683 578 4738 in
596 4680 738 4737 fasciculo
753 4680 852 4737 Causa
872 4683 909 4737 P.
930 4681 1063 4738 Simonis
1082 4683 1264 4755 Rodrigrws.
1285 4685 1423 4742 Difficilis

60 4767 66 4795 ''
182 4773 347 4830 admodum
360 4783 407 4828 est
418 4772 507 4843 hujus
520 4771 703 4828 monumenti
716 4773 815 4830 lectio.

323 4869 425 4916 llonux.
440 4869 530 4915 loun.
539 4869 655 4914 -Serues
669 4869 717 4926 IV,
731 4879 787 4914 τοι.
803 4870 826 4914 Ι.
1263 4875 1289 4914 tt
