3500 5367
418 486 473 561 516
798 484 1009 539 Mouuuenrr
1027 482 1208 543 tonarium

382 640 611 721 somessione,
629 650 713 719 ete,
732 650 767 705 et
784 638 1057 723 quotiescunque
1073 638 1117 704 ad
1133 647 1167 705 te
1183 648 1410 716 reuertentur,
1426 636 1466 704 de
1480 634 1578 701 talibus

358 815 361 822 .
383 781 462 845 age:
481 754 540 843 qui
568 754 680 822 iuuari
697 755 826 834 volent,
857 733 1019 822 redibunt
1034 753 1078 819 ad
1095 763 1129 821 te
1156 763 1193 818 vt
1216 752 1406 839 proficiant3
1433 750 1577 824 sinollent

382 871 506 955 iuuari,
525 870 640 939 sinent
657 882 690 937 te
707 869 742 936 in
760 892 856 957 pace,
875 878 940 935 n'ec
952 867 1113 935 redibunt
1123 867 1271 955 amplius
1282 878 1342 935 aut
1354 866 1478 935 molesti
1488 874 1576 933 erunt.

407 1025 409 1057 :
429 1014 432 1021 ’
453 990 512 1057 18.'
554 988 701 1073 Volebat
713 998 750 1052 vt
763 1007 828 1051 nos
840 1006 960 1051 omnes
973 986 1170 1069 frequenter
1184 978 1577 1064 lectitaremuslibrosspi-

262 1140 266 1147 ·
382 1104 534 1187 rituales,
561 1104 622 1171 sed
644 1123 723 1169 cum
748 1103 874 1169 affectu
901 1112 936 1169 et
962 1100 1160 1190 deuotione,
1191 1111 1265 1166 tum
1291 1100 1335 1165 ad
1357 1096 1578 1166 accendendum

382 1222 544 1293 affectum
561 1230 596 1285 et
612 1216 836 1285 deuotionem
852 1216 1137 1303 promouendam,
1156 1226 1228 1281 tum
1242 1226 1279 1281 vt
1291 1215 1437 1302 prompti
1446 1214 1577 1282 euadere·
1631 1202 1634 1209 ¹

383 1358 459 1405 mus
475 1337 519 1401 ad
535 1335 742 1422 promendos
762 1354 937 1403 sermones
952 1331 1144 1418 spirituales
1164 1329 1280 1417 potius
1300 1352 1403 1417 quam
1423 1327 1577 1433 addoctri·

383 1474 462 1519 nam
479 1452 532 1520 vel
552 1451 774 1530 fundendam,
798 1450 853 1515 vel
881 1448 1135 1529 ostentandam3
1158 1459 1195 1513 et
1217 1448 1376 1533 exemplo
1396 1468 1456 1513 nos
1472 1443 1579 1530 quiden

383 1588 449 1634 suo
459 1566 617 1648 docebat3
632 1588 710 1633 nam
727 1564 762 1631 in
779 1564 939 1630 cubiculo
954 1585 1019 1630 suo
1031 1561 1206 1631 secretiori
1215 1562 1393 1633 ordinarie
1403 1583 1498 1649 super
1506 1581 1579 1626 men·

383 1705 455 1749 sam
480 1681 564 1749 alios
592 1681 696 1747 libros
723 1702 792 1746 non
820 1680 988 1759 habebat,
1018 1700 1120 1763 quarn
1149 1700 1279 1747 nouum
1308 1682 1545 1746 Testamentum
1554 1689 1580 1739 et

384 1772 554 1865 Thomam
569 1798 613 1863 de
629 1796 781 1882 Kempis,
800 1816 902 1880 quem
919 1795 1049 1862 solebat
1065 1795 1238 1880 appellare
1258 1794 1428 1880 perdicem
1446 1794 1581 1860 librorum

384 1912 625 2000 spiritualium.

457 2046 507 2114 19.
557 2026 803 2095 Commendata
820 2024 969 2093 habebat
984 2025 1096 2105 valde,
1114 2036 1148 2091 et
1169 2026 1409 2097 commendata
1425 2047 1497 2093 esse
1513 2021 1581 2097 filiis,

386 2140 585 2229 praesertim
606 2141 852 2228 superioribus,
882 2142 1024 2209 volebat
1040 2161 1073 2224 3,
1091 2162 1179 2225 quae
1206 2141 1251 2207 ad
1273 2140 1581 2227 disciplinamexter

388 2278 467 2323 nam
484 2268 519 2323 et
535 2257 579 2323 ad
594 2258 757 2323 decorum
779 2255 978 2343 religiosum
997 2257 1096 2325 valde
1112 2254 1296 2343 pertinent,
1321 2256 1485 2323 nimirum:
1505 2273 1582 2319 mun

386 2371 503 2438 ditiem
518 2373 643 2438 domus
658 2370 840 2441 uniuersae
857 2394 897 2439 ac
914 2372 1075 2451 vestium,
1098 2370 1285 2451 silentium,
1302 2385 1337 2438 et
1353 2372 1494 2457 denique
1511 2370 1580 2436 clau·

387 2508 515 2569 suram3
533 2508 621 2572 qnae
647 2486 864 2559 indiciaesse
887 2486 1022 2555 dicebat
1044 2486 1078 2553 in
1095 2488 1200 2580 ¹domo
1214 2487 1400 2574 religiosa,
1417 2488 1502 2573 quod
1514 2486 1541 2551 in
1552 2502 1582 2551 et

387 2602 523 2689 ui‘gerct
539 2603 629 2671 bona
652 2600 842 2689 disciplina.
867 2602 1049 2672 Munditiei
1065 2624 1164 2688 porro
1176 2612 1253 2677 >tam
1274 2602 1448 2669 studiosus
1468 2612 1540 2679 erat,
1555 2612 1582 2663 tt

388 2740 457 2787 non
474 2740 550 2785 raro
566 2717 719 2787 visitaret
735 2716 881 2803 ipsemet
896 2718 1066 2798 cubicula,
1085 2717 1305 2785 considerans
1316 2742 1360 2787 an
1373 2718 1487 2788 lectuli
1496 2727 1584 2785 essent

388 2832 556 2903 concinne
572 2834 682 2913 strati,
704 2831 781 2900 libri
801 2855 905 2921 super
926 2855 1077 2901 mensam
1094 2835 1183 2904 bene
1203 2833 1398 2921 compositi·
1419 2832 1581 2901 cubiculum

386 2951 475 3020 bene
491 2972 639 3025 versum.
667 2952 790 3037 Neque
810 2948 1002 3035 patiebatur
1021 2948 1203 3034 quicquam
1231 2972 1409 3037 apparere,
1431 2950 1583 3035 quodum

385 3078 476 3135 esset
489 3066 605 3135 debito
621 3068 698 3133 loco
715 3064 915 3153 repositum,
932 3075 971 3130 vt
988 3064 1106 3133 vittam
1123 3076 1326 3133 nocturnam
1342 3088 1433 3152 pone
1452 3062 1583 3135 ceruical.

385 3192 423 3247 vt
436 3204 506 3249 non
518 3192 708 3269 appareret3
727 3204 849 3268 scopas
861 3204 932 3249 non
944 3182 1023 3249 alibi
1041 3195 1143 3269 quam
1155 3184 1220 3249 sub
1231 3182 1366 3263 lectica,
1381 3206 1445 3253 seu
1454 3180 1525 3251 lecti
1534 3178 1582 3245 lul·

386 3316 457 3378 cru,
476 3298 531 3365 vel
546 3297 581 3364 in
597 3298 712 3385 aliquo
728 3300 858 3385 angulo
873 3300 1039 3381 obscuro;
1056 3300 1312 3380 candelabrum,
1330 3300 1474 3379 calceos,
1490 3311 1584 3363 vtum

386 3424 601 3499 apparerent,
624 3413 689 3481 nisi
709 3413 879 3483 curiosius
899 3412 1170 3499 inspicientibus.
1197 3413 1381 3483 Silentium
1401 3414 1448 3483 ita
1465 3414 1582 3492 colebat,

385 3540 435 3608 vt,
454 3538 551 3598 extra
571 3530 691 3596 horam
718 3528 844 3613 quietis
871 3549 934 3595 seu
961 3527 1180 3597 recreationis
1192 3541 1270 3616 post
1296 3530 1412 3598 cibum
1427 3538 1584 3615 sumptum,

385 3664 455 3709 non
471 3653 646 3729 pateretur
665 3643 836 3729 colloquia
856 3642 988 3712 haberi.
1011 3644 1200 3729 Strepitum
1217 3644 1313 3712 vocis
1333 3645 1409 3715 siue
1423 3660 1585 3714 sennonem

383 3756 538 3827 altiorem
555 3758 584 3825 si
605 3758 778 3840 audiebat,
797 3770 857 3827 aut
869 3758 1049 3845 strepitum
1071 3757 1233 3827 maiorem
1244 3782 1358 3846 aeque
1378 3756 1587 3830 vehementius

384 3872 603 3955 ambulantis,
613 3874 668 3942 vel
680 3874 724 3943 de
737 3873 903 3961 gradibus
915 3874 1167 3955 descendentis
1177 3874 1306 3956 statim,
1315 3890 1435 3963 aperto
1444 3874 1533 3951 ostio,
1539 3892 1585 3935 vo·

382 3992 483 4057 cabat
497 3990 755 4075 delinquentem
772 4001 807 4059 et
824 3990 927 4057 officii
940 3991 1113 4059 monebat.
1129 3990 1221 4059 Hinc
1238 3992 1400 4078 frequens
1411 4002 1481 4060 erat
1490 3984 1586 4077 poeni·

383 4104 490 4172 tentia
506 4128 526 4171 a
544 4104 699 4173 ministro
716 4105 880 4185 iniuncta,
899 4106 993 4191 quod
1009 4128 1079 4174 non
1095 4105 1147 4172 vsi
1163 4130 1317 4175 essemus
1336 4130 1422 4176 voce
1438 4110 1528 4176 bassa
1538 4121 1587 4168 ⁵0¹1

382 4220 558 4306 depressa,
584 4234 644 4289 aut
660 4222 754 4306 quod
769 4220 1028 4291 immoderatius
1043 4244 1104 4309 per
1118 4222 1316 4291 ambulacra
1335 4226 1587 4291 ambulassem.

379 4346 440 4402 aut
463 4336 583 4404 ianuas
610 4337 847 4405 cubiculorum
876 4338 1131 4407 clausissemus.
1157 4341 1262 4425 Quod
1281 4340 1406 4407 attinet
1418 4342 1462 4408 ad
1474 4339 1586 4405 clausu·

381 4473 468 4534 ram,
499 4474 569 4519 non
598 4452 728 4522 serebat
756 4465 919 4540 vt-porta
946 4466 1099 4523 maneret
1123 4458 1179 4524 vel
1205 4458 1249 4523 ad
1276 4454 1453 4523 minimum
1478 4466 1587 4535 tempus

378 4578 511 4652 aperta,
526 4570 666 4654 quando
680 4590 750 4637 non
763 4580 836 4640 erat
849 4588 1004 4653 necesse,
1018 4593 1130 4656 neque
1142 4570 1335 4658 patiebatur
1346 4574 1461 4642 claues
1470 4592 1509 4638 ex
1519 4562 1589 4635 ostio

376 4704 503 4753 seraue
519 4685 684 4770 pendere.
