3500 5367
325 471 549 526 Matronianum
569 482 613 528 ou
631 470 662 526 S.
682 470 817 527 tonario
837 484 858 525 a
877 470 911 527 Ρ.
932 471 1087 528 Lxxcrcro
1105 485 1274 529 correers
1329 473 1381 545 533

173 624 275 688 facto
296 646 356 709 pro
372 623 631 691 canonizatione
647 625 685 693 S.
701 623 836 711 ignatii,
852 623 934 691 folio
950 626 1001 707 18,
1017 624 1249 693 testimonium
1265 626 1415 694 iuratum

175 740 221 804 R.
243 740 284 805 P.
304 740 449 808 Oliuerii
466 740 619 809 Manarei
636 741 706 828 (qui
723 764 742 807 a
759 742 796 809 S.
816 741 953 827 Ignatio
968 741 1034 807 fuir
1051 742 1162 808 factus
1178 753 1292 809 rector
1306 745 1415 813 colle-

169 854 228 939 gii
246 856 379 922 romani
396 866 431 923 et
445 868 565 943 postea
580 857 711 944 primus
731 856 912 937 lauretani,
930 870 966 925 et
981 870 1058 943 post
1074 872 1218 926 mortem
1239 860 1277 929 S.
1302 861 1414 927 Patris

170 970 317 1057 saepius
341 972 407 1038 fuit
426 973 640 1042 diuersarum
663 972 916 1060 prouinciarum
944 971 1163 1059 prouincialis
1187 984 1223 1041 et
1243 973 1411 1055 visitator,

167 1096 212 1150 et
227 1086 394 1155 assistens
410 1089 475 1153 sub
493 1090 534 1157 P.
557 1090 745 1168 Euerardo,
763 1100 810 1169 et,
834 1110 876 1159 eo
896 1098 1047 1170 mortue,
1069 1088 1219 1155 vicarius
1239 1092 1412 1175 generalis

169 1201 283 1268 totius
299 1202 491 1290 Societatis)
509 1204 576 1273 tale
598 1203 845 1271 testimonium:
867 1203 1052 1286 «Audiuip
1071 1204 1194 1290 inquit,
1215 1207 1411 1273 «defuturo

167 1316 360 1385 Societatis
380 1330 472 1385 statu
495 1318 632 1406 triplici,
653 1340 696 1385 ex
726 1322 765 1387 P.
796 1318 975 1386 Ludouieo
1001 1321 1212 1387 Gonzaletz»
1242 1322 1319 1406 (hoc
1342 1335 1408 1404 est,

166 1434 352 1503 Consuluo
369 1456 471 1521 supra
488 1435 674 1521 nominato)
695 1446 749 1503 «et
764 1433 895 1500 dictum
911 1456 933 1499 a
949 1435 986 1503 S.
1008 1438 1048 1501 Ρ.
1070 1434 1216 1522 ignatio:
1239 1437 1332 1521 quod
1355 1438 1409 1503 ni·-

170 1534 299 1615 mirum
316 1550 446 1636 primus
462 1562 572 1617 status
592 1550 713 1619 luisset
734 1548 817 1617 satis
837 1552 963 1629 bonus,
986 1552 1159 1643 secundus
1178 1551 1299 1617 melior
1317 1565 1409 1619 esset

170 1667 324 1747 futurus,
344 1666 464 1734 tertius
485 1668 599 1732 adhuc
620 1668 729 1732 multo
746 1666 982 1752 praestantior.
1001 1669 1056 1733 De
1075 1668 1230 1735 secundo
1246 1668 1311 1734 sibi
1328 1668 1406 1736 testi

166 1792 323 1861 constat,
342 1784 435 1867 quod
452 1782 516 1847 fuit
532 1793 567 1849 et
583 1793 636 1849 est
652 1782 753 1849 etiam
772 1803 864 1849 nunc
877 1782 999 1850 melius
1015 1782 1203 1863 ordinatus,
1218 1805 1320 1867 quarn
1333 1798 1407 1852 erat

169 1910 257 1963 tunc
280 1898 457 1985 temporis;
480 1898 559 1984 quia
580 1898 733 1966 nondum
755 1909 828 1964 erat
848 1897 1049 1978 nouitiatus,
1072 1900 1114 1966 et‘
1126 1899 1345 1985 probationes
1365 1922 1406 1967 ac

165 2013 450 2097 exercitationes,
468 2036 556 2099 quae
572 2026 711 2083 secutae
728 2027 821 2093 sunt,
840 2026 873 2081 et
895 2034 999 2095 nunc,
1023 2016 1098 2080 Deo
1117 2015 1205 2095 laus,
1227 2014 1349 2101 uigent
1370 2030 1405 2084 et

164 2128 203 2193 in
220 2128 324 2196 uiridi
341 2140 422 2197 sunt
437 2130 689 2199 obseruantia.»
709 2132 806 2197 Haec
822 2131 865 2197 ad
881 2132 1027 2199 uerbum
1045 2132 1083 2198 P.
1101 2129 1288 2199 Oliuerius.
1354 2180 1361 2191 .

237 2245 332 2311 Huic
352 2245 473 2313 similia
496 2270 516 2313 a
538 2248 577 2313 P.
602 2246 814 2331 Hieronymo
836 2246 963 2325 Natali,
993 2244 1129 2332 publice
1156 2249 1339 2327 referente,
1365 2270 1403 2313 se

162 2362 344 2430 audiuisse
365 2362 499 2448 scripsit
520 2362 555 2427 in
580 2383 643 2429 suo
669 2362 784 2427 libello
811 2374 944 2430 secreto
970 2362 1170 2430 coelestium
1197 2362 1399 2449 gratiarum,

164 2476 251 2543 mihi
268 2478 407 2557 donato,
428 2481 467 2545 P.
487 2478 601 2567 Julius
622 2477 860 2557 Mancinellus,
885 2477 937 2542 uir
960 2478 1049 2544 lama
1068 2476 1260 2544 sanctitatis
1280 2490 1314 2544 et
1338 2478 1403 2544 mi-

165 2594 369 2661 raculorum
387 2594 533 2663 celebris
549 2592 583 2659 in
602 2594 673 2661 uita
688 2605 724 2661 et
743 2604 820 2681 post
843 2605 1000 2670 mortem,
1024 2592 1082 2660 ubi
1104 2592 1154 2659 sic
1174 2592 1300 2693 pagina
1324 2594 1401 2679 63.R

160 2709 286 2775 scribit
305 2710 439 2795 propria
456 2732 571 2776 manu:
594 2710 742 2776 «dictum
759 2730 835 2775 esse
852 2708 945 2775 Patri
962 2709 1075 2776 Natali
1091 2731 1112 2774 a
1125 2712 1165 2775 B.
1181 2711 1285 2778 Patre
1299 2711 1401 2795 lgna·

165 2826 225 2892 tio:
246 2838 323 2914 post
341 2847 403 2891 nus
420 2825 547 2910 primos
567 2825 672 2891 futuri
694 2835 775 2891 sunt
795 2824 828 2889 in
850 2824 1022 2893 Societate
1039 2823 1197 2893 homines
1219 2823 1401 2909 perfectio·

164 2941 218 3008 nis
241 2939 391 3022 maioris;
421 2940 524 3025 idque
545 2942 684 3008 beatum
708 2945 843 3009 Patrem
864 2938 991 3007 dixisse
1011 2962 1091 3007 cum
1113 2938 1397 3025 interrogaretur,

162 3067 282 3123 utrum
301 3056 532 3125 remitteretur
548 3058 663 3124 feruor
680 3056 712 3122 in
731 3056 939 3125 Societate.»

232 3174 311 3240 Hoc
327 3171 438 3258 ipsum
456 3172 491 3237 in
509 3172 575 3238 alio
591 3172 677 3239 libro
693 3194 832 3239 suarum
849 3172 1140 3252 exhortationum,
1159 3170 1241 3237 mihi
1263 3192 1402 3257 quoque

157 3290 307 3368 donato,
327 3288 444 3355 multis
461 3289 647 3356 ostendens
663 3288 869 3356 Societatem
893 3287 928 3353 in
950 3307 1013 3353 suo
1034 3289 1128 3353 bono
1151 3299 1242 3354 statu
1268 3308 1402 3372 semper

157 3405 377 3471 duraturam.
398 3406 551 3496 Tandem
574 3402 608 3469 id
628 3405 808 3471 confirmat
832 3426 896 3469 sua
916 3424 1020 3469 manu
1041 3402 1176 3489 scriptis
1196 3402 1249 3468 his
1269 3403 1398 3470 uerbis:

163 3520 334 3587 «Ratione
349 3520 634 3605 supernaturali»
654 3519 777 3604 inquit,
803 3518 912 3585 «idem
935 3529 1040 3605 patet,
1064 3542 1106 3586 ex
1126 3517 1244 3584 diuina
1266 3518 1400 3587 reuela-

159 3634 258 3703 tione
275 3636 364 3701 facta
382 3638 422 3702 Β.
443 3634 537 3702 Patri
553 3635 700 3721 Ignatio:
718 3634 804 3700 dixit
820 3633 912 3703 enim
928 3633 1003 3719 ipse
1020 3631 1208 3719 (corrigens
1225 3631 1397 3717 quendam

164 3752 318 3831 Patrem,
337 3750 395 3835 qui
411 3750 592 3818 dubitabat
611 3751 810 3817 defuturum
834 3751 1007 3817 feruorem
1029 3748 1065 3815 in
1086 3747 1286 3831 societate),
1309 3749 1402 3832 quod

166 3876 287 3951 postea
312 3866 451 3933 uenient
473 3866 507 3933 in
534 3850 742 3935 Societatem
773 3865 940 3947 homines,
971 3864 1030 3950 qui
1054 3876 1155 3933 erunt
1179 3863 1402 3949 perfectiores

163 3980 291 4067 primis.
310 3984 352 4049 Et
370 3983 658 4069 quemadmodum
676 4005 757 4050 vera
773 3980 871 4061 dixit,
891 3979 1120 4067 praedicendo
1137 3980 1253 4046 lutura
1269 3953 1401 4048 Romae

158 4108 197 4162 et
220 4096 361 4165 Parisiis
380 4098 528 4165 maxima
555 4098 719 4183 collegia,
748 4096 797 4163 sic
824 4096 927 4163 etiam
956 4096 991 4161 in
1018 4099 1086 4163 hoc
1110 4118 1230 4163 uerum
1258 4095 1398 4173 dixisse,

160 4232 302 4298 sperare
318 4213 353 4281 in
369 4213 488 4280 diuino
505 4214 623 4282 fauore
639 4215 840 4282 debemus.»
861 4214 958 4281 Haec
977 4214 1016 4278 P.
1037 4211 1262 4278 Mancinelus.

230 4328 367 4413 Quibus
383 4330 569 4397 conformis
584 4342 637 4397 est
653 4328 817 4397 reuelatio
834 4331 925 4395 lacta
944 4329 982 4396 S.
1002 4326 1175 4408 Teresiae,
1193 4327 1237 4391 ab
1254 4325 1400 4411 ipsamet

162 4444 302 4529 scripta,
321 4466 352 4511 e.
372 4464 415 4528 4ο
432 4444 525 4514 uitae
541 4468 637 4528 suae,
656 4456 691 4511 et
707 4468 727 4511 a
744 4447 784 4512 P.
804 4442 988 4511 Francisco
1010 4442 1135 4509 Ribera
1158 4442 1194 4507 in
1215 4441 1290 4509 eius
1309 4440 1395 4519 uita,

162 4558 184 4623 l.
204 4578 239 4641 4,
257 4582 290 4631 c.
305 4577 338 4644 5,
360 4562 421 4629 ide
439 4582 567 4648 magno
582 4563 738 4648 profectu
756 4582 857 4645 quern
876 4561 978 4627 debet
995 4561 1107 4626 facere
1129 4556 1286 4627 Societas
1310 4567 1398 4624 tem-

165 4674 304 4759 poribus
321 4675 461 4758 ultimis,
480 4687 515 4745 et
532 4677 732 4744 fortitudine
748 4699 816 4763 qua
831 4677 934 4744 debet
950 4686 1143 4743 sustentare
1159 4674 1293 4741 fidem.»
