3500 5367
351 491 386 547 36
730 494 938 551 Mouurranrn
959 492 1139 549 tenuamus

379 646 575 713 Excusabat
593 648 696 715 Pater
712 666 792 713 suas
805 645 1063 732 occupationes3
1079 669 1149 714 non
1161 668 1263 734 posse
1275 667 1317 715 eo
1329 644 1482 712 animum
1493 668 1549 724 se,

313 762 367 828 vel
385 773 520 847 tempus
536 760 718 847 applicare.
739 762 782 827 Et
799 772 925 843 tamen,
945 762 1128 830 Celebrate
1140 761 1273 848 (rnquit)
1287 772 1356 828 tres
1368 761 1491 829 Missas
1502 763 1552 829 de

314 880 377 943 hac
395 897 443 959 re,
464 877 647 957 Polancus,
667 877 811 944 Pontius
828 878 854 959 ¹,
872 886 909 945 et
925 887 975 943 tu:
994 887 1030 945 et
1045 898 1088 945 ex
1104 877 1258 945 oratione
1274 878 1318 945 ad
1334 898 1390 944 me
1405 868 1547 956 referte,

314 992 396 1080 quid
412 991 593 1060 censeatis.
613 994 705 1060 Idem
734 992 896 1080 (inquam)
925 994 1041 1073 Pater,
1071 992 1301 1075 censebimus,
1325 992 1417 1080 quod
1437 1014 1544 1058 nunc.

314 1108 458 1176 Addidit
474 1106 688 1177 suavissime.
707 1108 825 1195 Agite,
845 1108 939 1195 quod
958 1107 1049 1177 dico.
1072 1107 1343 1176 Celebravimus:
1367 1108 1552 1177 retulimus

313 1224 415 1291 idem:
434 1222 606 1309 pollicitus
623 1236 688 1305 est,
706 1244 745 1293 se
761 1224 946 1292 facturum.
965 1223 1069 1290 Anno
1086 1222 1244 1308 sequenti
1256 1244 1335 1290 cum
1351 1244 1487 1290 rursum
1503 1246 1547 1289 ex

312 1339 427 1409 Sicilia
443 1338 619 1407 rediissem
636 1338 825 1407 mittendus
840 1338 877 1404 in
893 1338 1109 1425 Hispaniam:
1128 1338 1339 1426 interrogavi
1353 1341 1502 1417 Patrem,
1517 1340 1547 1404 si

313 1455 395 1539 quid
416 1454 562 1541 egisset.
586 1453 692 1535 Nihil,
714 1453 837 1539 inquit.
866 1454 1017 1523 Rediens
1041 1476 1084 1521 cx
1105 1454 1274 1540 Hispania
1300 1475 1391 1521 anno
1409 1476 1551 1523 numu.

313 1591 449 1637 rursum
467 1590 565 1657 rogo,
583 1570 662 1637 Non
678 1568 851 1655 attigerat.
871 1569 921 1635 Ibi
938 1590 1034 1649 vero,
1052 1569 1256 1655 nescioquo
1275 1571 1402 1637 ductus
1418 1571 1545 1648 animo,

312 1696 513 1753 constanter
528 1696 622 1751 certe
637 1684 707 1751 dixi
725 1684 830 1752 Patri:
850 1686 942 1753 Sunt
958 1686 1066 1751 ferme
1076 1698 1226 1769 quatuor
1237 1686 1330 1766 anni,
1345 1684 1470 1771 quibus
1482 1688 1548 1751 ob-

314 1822 411 1869 secro
428 1822 497 1867 non
513 1822 590 1869 meo
602 1800 725 1880 solum,
744 1800 805 1869 sed
821 1800 966 1867 aliorum
986 1812 1122 1887 patrum
1139 1801 1291 1881 nomine,
1312 1812 1349 1867 ut
1369 1802 1469 1867 nobis
1484 1824 1546 1868 ex-

314 1917 432 2003 plices,
463 1919 582 1997 Pater,
612 1916 903 2011 quemadmodum
928 1916 1099 1983 Dominus
1125 1928 1160 1984 te
1181 1916 1369 1984 instituerit
1384 1919 1428 1983 ab
1448 1916 1549 1982 initio

314 2045 393 2101 tuae
410 2031 656 2101 conversionis:
675 2031 710 2098 id
726 2032 899 2100 confidere
915 2054 992 2115 nos,
1016 2033 1090 2099 fore
1105 2032 1205 2099 nobis
1225 2043 1261 2100 et
1278 2032 1445 2101 Societati
1462 2032 1549 2097 utile

313 2148 347 2213 in
366 2146 493 2235 primis.
509 2148 639 2214 Verum
657 2166 736 2213 cum
751 2145 899 2231 videam,
919 2158 952 2214 te
968 2146 1053 2213 illud
1070 2168 1139 2214 non
1156 2158 1342 2234 praestare,
1356 2150 1423 2217 hoc
1434 2149 1547 2217 audeo

313 2264 525 2343 confirmare;
544 2262 573 2327 si
589 2260 623 2327 id
641 2261 757 2342 facias,
773 2264 865 2347 quod
880 2273 1063 2349 ,tantopere
1082 2263 1328 2344 desideramus
1353 2284 1394 2330 eo
1415 2264 1546 2331 beneti-

313 2378 457 2456 cionos
484 2398 607 2443 usuros
634 2377 798 2445 studiose:
825 2377 853 2443 si
876 2400 946 2443 non
968 2378 1086 2457 facias,
1115 2389 1296 2465 propterea
1316 2400 1387 2445 non
1412 2380 1549 2445 futuros

314 2493 428 2562 animo
443 2492 611 2573 debiliori,
635 2494 696 2559 sed
717 2508 785 2559 tam
813 2493 1000 2560 confidenti
1016 2492 1052 2559 in
1076 2492 1237 2575 Domino,
1264 2515 1367 2578 quam
1388 2493 1421 2561 si
1433 2496 1547 2561 omnia

317 2609 524 2695 scripsisses.

280 2811 284 2820 ι
385 2724 477 2793 Nihil
495 2725 670 2811 respondit
684 2727 799 2807 Pater,
813 2726 874 2793 sed
884 2727 1028 2811 (eodem,
1043 2735 1082 2791 ut
1090 2725 1226 2811 opinor,
1240 2725 1308 2811 die)
1320 2726 1494 2793 advocato
1505 2728 1549 2791 ad

316 2864 353 2910 se
363 2852 460 2928 patre
474 2840 648 2937 Ludovico
659 2840 976 2927 Gonzalez,incipit
988 2840 1054 2927 ipsi
1065 2861 1218 2921 narrare,
1227 2862 1316 2925 quae
1328 2841 1385 2907 ille
1391 2852 1500 2927 pater,
1511 2855 1550 2907 ut

316 2967 368 3025 est
380 2955 560 3023 excellenti
573 2956 750 3035 memoria,
765 2966 884 3043 postea
896 2955 1081 3025 scribebat.
1096 2958 1145 3023 Ea
1157 2968 1240 3022 sunt
1251 2958 1341 3023 Acta
1354 2958 1394 3023 P.
1410 2957 1548 3044 ignatii,

317 3093 405 3158 quae
421 3070 709 3138 circunferuntur.
734 3071 814 3137 Fuit
830 3083 945 3139 autem
964 3072 1004 3138 P.
1024 3070 1222 3140 Ludovicus
1233 3071 1269 3137 in
1282 3071 1392 3157 prima
1401 3092 1550 3159 congre-

318 3186 459 3274 gatione
475 3186 627 3273 generali
644 3188 784 3266 elector,
802 3196 837 3253 et
853 3187 888 3253 in
911 3188 1032 3254 eadem
1051 3188 1184 3254 electus
1205 3186 1382 3254 Assistens
1398 3190 1550 3273 Praepo-

317 3302 373 3369 siti
389 3301 567 3371 Generalis
584 3301 696 3368 Patris
713 3304 862 3387 Laynez.
883 3302 964 3368 Fuit
980 3314 1099 3387 postea
1111 3298 1288 3369 institutor
1307 3302 1344 3366 in
1365 3301 1499 3383 litteris,
1515 3312 1551 3369 et

318 3416 522 3486 Christianis
543 3416 696 3483 moribus
717 3418 806 3505 regis
830 3418 1065 3504 Portugalliae
1086 3416 1298 3497 Sebastiam,
1323 3416 1450 3503 insigni
1470 3418 1552 3485 reli-

318 3534 421 3621 gione
444 3543 479 3600 et
493 3532 622 3599 virtute
643 3544 751 3618 pater.
776 3532 923 3624 Scripsit
943 3534 983 3600 P.
1009 3532 1185 3601 Gonzalez
1207 3532 1330 3618 partim
1348 3532 1550 3617 Hispanice3

318 3650 441 3736 partim
470 3648 597 3727 italice,
621 3660 660 3713 ut
688 3649 830 3715 aderant
856 3659 993 3735 praesto
1021 3668 1262 3715 amanuenses.
1289 3647 1401 3716 Vertit
1429 3648 1555 3715 Latine

320 3768 358 3832 P.
379 3763 531 3832 Annibal
553 3764 596 3830 de
616 3762 796 3844 Codrett0,
820 3764 944 3830 doctus
966 3763 1151 3830 admodum
1168 3774 1203 3831 et
1224 3762 1303 3849 pius
1319 3774 1428 3849 pater.
1448 3766 1553 3831 Uter·

319 3901 386 3965 que
404 3880 516 3946 adhuc
531 3876 630 3959 vivit,
648 3888 683 3946 et
696 3891 816 3945 auctor
831 3890 866 3946 et
882 3878 1063 3965 interpres.

371 4128 382 4160 ¹
419 4130 452 4187 P.
467 4129 590 4185 Pontius
604 4128 807 4201 Cogordanus‚
819 4128 861 4185 rei
873 4129 1025 4185 familiaris
1039 4130 1211 4185 administer
1224 4131 1255 4185 in
1268 4146 1388 4184 romana
1400 4129 1497 4184 domo.
