3500 5367
464 386 513 439 Da
533 397 626 440 aens
645 386 677 440 S.
696 386 820 467 Iouam
839 398 859 441 a
879 386 1102 442 maturuerat
1310 384 1363 458 349

161 539 439 622 colloqueremur
455 558 523 624 ego
537 548 572 603 et
590 540 705 617 Pater,
723 536 809 603 dixit
825 536 921 605 mihi:
940 538 969 603 si
986 537 1073 606 ratio
1090 549 1224 605 tantum
1241 538 1403 604 habenda

162 665 269 736 esset,
290 656 406 733 Petre,
430 652 507 733 Dei,
529 664 564 719 et
592 674 664 719 non
687 652 788 719 etiam
817 652 998 719 hominum
1022 664 1162 740 propter
1182 656 1308 733 Deum,
1334 674 1405 739 ego
1502 638 1505 646 ¹

162 768 279 835 statim
307 788 479 837 carcerem
501 780 537 835 et
561 767 700 835 uincula
721 768 755 835 in
783 768 958 837 Societate
985 766 1219 850 instituerem3
1243 770 1306 836 sed
1333 771 1403 836 hoe

160 884 302 971 quidem
320 896 474 970 tempore
490 906 560 952 non
576 884 751 952 conuenit.
776 886 881 951 Anno
899 901 1029 969 53.-r.

231 1019 287 1085 31.
336 999 443 1081 Dixit,
463 1022 519 1068 me
535 1010 716 1086 praesente
732 1011 767 1066 et
780 999 897 1067 multis
909 1000 1141 1081 audientibus,
1159 1022 1198 1070 se
1210 1020 1279 1067 non
1298 1022 1403 1086 posse
1448 1071 1452 1077 ,

158 1138 225 1183 suo
237 1116 376 1201 quidem
389 1114 515 1182 iudicio
529 1114 648 1182 uiuere
659 1116 790 1200 absque
803 1116 1052 1196 consolatione,
1062 1116 1099 1182 id
1109 1129 1174 1196 est,
1191 1114 1257 1181 nisi
1270 1114 1402 1201 aliquid

145 1232 195 1301 in
218 1254 255 1299 se
277 1231 562 1318 deprehenderet,
582 1231 676 1315 quod
699 1252 812 1315 neque
828 1252 931 1297 suum
947 1242 1050 1313 esset,
1075 1253 1190 1317 neque
1211 1252 1295 1299 uero
1322 1252 1402 1298 esse

58 1400 66 1411 .
159 1358 292 1434 posset,
311 1348 372 1415 sed
387 1346 526 1433 penitus
542 1348 647 1414 aDeo
663 1347 842 1433 penderet.
860 1362 1035 1431 1554.-r.
1056 1424 1059 1432 ι

231 1482 287 1547 32.
335 1465 439 1530 Anno
456 1478 551 1546 1550,
570 1484 639 1547 quo
655 1484 746 1529 anno
760 1463 937 1549 plaerique
953 1486 1072 1532 omnes
1084 1462 1258 1551 praecipui
1276 1463 1399 1533 Socie-

159 1579 242 1645 tatis
260 1580 381 1645 Patres
398 1579 541 1645 Romam
557 1601 577 1644 a
597 1577 700 1643 Patre
720 1578 855 1644 euocati
876 1590 1123 1658 conuenerant,
1151 1578 1226 1664 ipse
1243 1580 1346 1647 Pater
1362 1580 1399 1645 in

161 1696 321 1762 morbum
337 1692 580 1779 grauissimum
601 1703 638 1761 et
663 1692 895 1779 periculosum
916 1693 1048 1776 incidit;
1072 1692 1130 1779 qui
1158 1716 1237 1770 cum
1265 1693 1399 1762 inuale-

161 1820 277 1876 sceret
292 1818 327 1876 et
344 1798 553 1876 medicorum
571 1807 742 1876 sententia
757 1818 848 1875 esset
863 1808 987 1903 letaliS,
1011 1811 1115 1877 Pater
1131 1809 1165 1875 id
1187 1808 1400 1897 intelligens,

162 1937 199 1992 et
215 1935 361 1992 mortem
377 1945 415 1991 se
431 1946 510 2015 curn
522 1922 595 1990 uita
616 1932 907 1991 commutaturum
928 1946 1083 2010 sperans,
1105 1925 1153 1992 ita
1169 1925 1300 1993 laetitia
1319 1948 1397 2013 per-

163 2042 385 2120 fundebatur,
404 2050 454 2121 ut,
469 2040 513 2108 de
524 2039 579 2107 sui
594 2038 796 2108 liberatione
807 2039 980 2126 cogitans,
995 2038 1079 2106 nihil
1093 2039 1159 2108 nisi
1172 2042 1319 2109 ubertim
1335 2043 1398 2110 tle-

162 2168 229 2239 ret,
249 2167 345 2223 tanta
365 2154 401 2222 ui
415 2157 668 2241 lachrymarum
690 2177 760 2222 non
776 2176 824 2239 ex
840 2156 972 2239 dolore,
990 2158 1052 2222 sed
1067 2178 1111 2225 ex
1134 2156 1239 2223 animi
1261 2158 1400 2225 exulta-

162 2272 257 2339 tione
277 2271 531 2358 profluentium,
556 2282 593 2337 ut
614 2271 823 2337 medicorum
852 2270 960 2351 iussu,
983 2274 1049 2338 hoc
1065 2271 1113 2338 illi
1136 2272 1294 2358 religioni
1318 2293 1398 2341 uer·

161 2388 321 2468 tentium,
340 2398 522 2473 cogeretur
538 2386 689 2455 animum
706 2388 750 2454 ab
765 2388 822 2454 illa
838 2387 956 2454 mortis
972 2387 1182 2474 cogitatione
1198 2409 1346 2457 auocare
1361 2398 1401 2455 et

160 2503 231 2569 alio
247 2502 430 2583 diuertere;
448 2502 695 2569 conficiebatur
710 2501 802 2571 enim
824 2502 996 2587 lacrymiS,
1019 2514 1054 2570 et
1076 2503 1200 2571 natura
1220 2524 1283 2590 pro
1304 2504 1395 2571 desi-

160 2618 259 2685 derio
274 2616 432 2685 euolandi
449 2619 493 2683 ad
517 2616 694 2685 Christum
721 2616 900 2684 debilitata
928 2618 1124 2704 languebat;
1142 2620 1204 2685 sed
1225 2618 1401 2686 Dominus
1486 2608 1493 2619 ’

161 2746 280 2801 noster
296 2733 455 2801 misertus
472 2754 549 2799 eum
568 2732 602 2797 in
620 2732 691 2798 uita
708 2732 855 2817 reliquit,
871 2732 952 2818 quia
967 2734 1081 2800 adhuc
1096 2735 1224 2820 populo
1241 2734 1308 2802 Dei
1323 2746 1401 2802 erat

160 2848 389 2928 necessarius,
403 2848 536 2917 etiamsi
553 2860 695 2933 cuperet
711 2847 846 2915 absolui
860 2858 896 2915 et
912 2837 989 2917 esse
1001 2869 1079 2916 cum
1093 2850 1245 2919 Christo.
1261 2852 1337 2936 Ego
1353 2872 1399 2917 ex

152 2967 240 3052 ¹ipso
257 2982 277 3047 7
294 2963 423 3050 Aprilis
445 2979 530 3049 1554
551 2975 655 3033 ⁸.-r.

233 3102 287 3165 33.
337 3080 502 3149 Perlectis
518 3090 715 3147 sanctorum
732 3080 918 3145 multorum
936 3080 1028 3160 uitis,
1046 3079 1134 3148 dixit
1151 3081 1245 3147 Patri
1260 3082 1400 3166 Laynez

158 3222 201 3266 se
218 3198 296 3283 (nisi
312 3196 376 3264 alia
393 3196 532 3276 maiora,
548 3217 650 3281 quam
669 3216 756 3281 quae
773 3196 900 3282 scripta
913 3207 1022 3277 erant,
1037 3196 1072 3263 in
1089 3217 1207 3265 eorum
1226 3196 1296 3265 uita
1312 3218 1396 3263 con·
1502 3246 1505 3251 -

161 3312 367 3398 tinerentur)
386 3335 454 3379 non
473 3311 582 3393 facile,
600 3332 689 3396 quae
711 3324 866 3380 senserat
882 3312 926 3377 de
942 3313 1017 3379 Deo
1033 3324 1068 3379 et
1084 3322 1299 3398 gustauerat,
1318 3325 1399 3379 curn

159 3428 214 3496 eis
222 3420 515 3515 'permutaturum
546 3427 680 3493 tametsi
708 3448 778 3493 non
806 3426 949 3495 auderet
972 3448 1010 3494 se
1037 3427 1178 3493 minimo
1199 3439 1396 3494 sanctorum

159 3554 365 3631 arroganter
381 3543 564 3630 praeferre,
589 3542 644 3609 uel
668 3542 848 3609 temerarie
864 3532 1077 3627 comparare.
1097 3544 1173 3629 Ego
1194 3564 1236 3610 ex
1258 3545 1400 3628 Laynez
1448 3544 1451 3549 ’

166 3676 266 3745 Ῑ554·

217 3796 271 3861 34.
320 3776 358 3842 ln
370 3774 540 3861 principio
553 3794 637 3841 suae
650 3775 692 3840 ad
705 3775 817 3841 Deum
831 3772 1067 3841 conuersionis
1080 3773 1395 3854 uehementissime,

159 3902 198 3961 et
210 3913 314 3978 supra
326 3913 427 3976 quam
440 3889 511 3957 dici
519 3900 635 3976 potest
647 3888 898 3970 molestissime,
910 3888 1081 3976 scrupulis
1094 3890 1334 3971 afflictabatur,
1348 3891 1406 3970 ita,

160 4019 205 4075 ut
220 4008 349 4074 nullam
366 4005 472 4074 menti
488 4027 606 4092 pacem
624 4004 807 4085 inueniret,
822 4027 935 4091 neque
950 4004 985 4071 in
1003 4004 1228 4085 orationibus,
1254 4005 1393 4093 uigiliis,

159 4122 406 4210 asperitatibus
432 4120 707 4209 conquiesceret;
749 4142 883 4207 semper
910 4119 1050 4201 anxius,
1079 4142 1215 4207 semper
1241 4121 1400 4190 solicitus

158 4240 365 4321 fluctuabat;
395 4249 430 4305 et
454 4238 614 4325 quoniam
643 4239 754 4306 Deum
782 4237 957 4311 offendere
984 4235 1201 4317 formidabat,
1228 4240 1341 4305 Deum
1357 4261 1397 4307 se

157 4354 346 4426 offendisse
363 4354 574 4441 saepissime,
592 4351 671 4420 cum
688 4375 757 4419 non
770 4353 972 4433 offenderat,
995 4353 1169 4422 credebat.
1193 4354 1397 4422 Accedebat

157 4519 364 4532 ...-

215 4627 230 4665 s
268 4608 471 4683 Paragmphi
483 4607 541 4663 sub
551 4607 689 4662 numeris
706 4620 748 4675 53·
753 4618 786 4674 37
797 4604 900 4675 positi,
910 4609 1042 4677 prorsus
1055 4604 1217 4660 cancellati
1228 4605 1394 4660 habentur.
