3500 5367
507 380 556 437 Du
575 394 667 438 acris
687 378 718 437 S.
739 372 863 438 Iounrr'r
882 397 902 437 Α
921 379 1144 463 Rregrossruaa
1353 378 1406 449 343

189 544 261 611 rat,
283 534 377 601 haec
392 535 435 599 de
452 532 508 601 iila
526 533 620 601 Patri
633 532 754 600 'nostro
769 540 951 602 'enarraret
970 544 1006 599 et
1027 533 1136 599 multa
1150 534 1195 601 de
1211 533 1286 601 eius
1303 543 1444 599 sanctae

188 643 387 733 prudentia
403 661 437 719 et
452 648 573 735 spiritu
591 644 745 733 adderet,
759 649 965 736 grauissime
978 670 1000 715 a
1013 650 1117 717 Patre
1128 650 1361 735 reprehensus
1376 658 1442 729 est,

189 764 293 847 quod
309 768 417 833 ‘homo
436 766 479 832 de
495 763 668 833 Societate
688 764 735 831 ita
754 766 799 831 de
818 764 876 831 illa
898 764 1045 832 foemina
1063 766 1276 849 loqueretur,
1300 776 1335 832 et
1356 761 1443 829 tanti
1497 796 1500 802 ·

190 880 336 947 faceret
352 880 452 967 signa
468 880 525 947 illa
540 891 608 947 etc.
623 874 708 948 Post
720 894 834 949 autem
848 881 980 968 aliquot
992 894 1100 948 annos
1109 880 1169 947 illa
1181 902 1218 948 se
1225 879 1390 977 perdidit3
1409 889 1445 947 et

192 996 316 1081 palam
334 995 495 1062 omnibus
511 998 640 1063 iactum
657 1008 709 1065 est
726 998 819 1083 quod
835 998 964 1064 latebat
980 999 1005 1080 ⁵,
1020 995 1182 1063 nimirum
1198 997 1290 1062 illam
1308 995 1443 1061 illusam

192 1110 327 1192 fuisse,
341 1123 377 1178 et
392 1110 588 1197 turpissime
601 1133 621 1178 a
632 1111 771 1180 diabolo
783 1110 1043 1181 circunuentam
1060 1112 1439 1198 “etprostitutam-r.
1478 1186 1482 1194 ¹

271 1244 329 1308 17.
378 1228 482 1294 Anno
503 1242 584 1311 1541
604 1226 783 1313 ingressus
803 1238 856 1294 est
871 1226 907 1294 in
921 1227 1129 1296 Societatem
1142 1226 1282 1312 quidam
1293 1227 1442 1311 Stepha-

193 1341 265 1409 nus
285 1344 467 1423 Baroelus
486 1354 570 1410 tunc
586 1343 762 1425 diaconus,
779 1344 875 1411 'nunc
891 1365 975 1413 uero
991 1344 1153 1413 sacerdos
1167 1359 1204 1409 et
1216 1350 1391 1429 superstes
1407 1341 1443 1407 in

192 1455 388 1539 Societate,
407 1458 466 1544 qui
479 1471 556 1526 cum
570 1458 733 1545 postridie
749 1458 823 1528 eius
839 1459 919 1540 diei,
933 1481 1002 1547 quo
1018 1461 1159 1526 domurn
1173 1458 1281 1538 uenit,
1295 1458 1332 1523 in
1348 1478 1439 1523 mor-

191 1572 281 1639 bum
300 1570 532 1661 periculosum
550 1572 739 1656 recidisset,
758 1588 792 1645 et
808 1598 850 1646 eo
862 1598 973 1662 usque
984 1586 1077 1646 esset
1088 1596 1305 1662 progressus,
1322 1583 1360 1639 u't
1372 1574 1441 1639 iam

193 1710 215 1754 a
236 1690 379 1757 medico
400 1712 461 1777 pro
482 1685 661 1777 deplorato
681 1693 964 1777 conclamatoque
980 1693 1176 1771 haberetur,
1207 1693 1310 1758 Pater
1325 1700 1443 1754 noster

195 1803 263 1869 iuit
281 1806 335 1891 (ut
351 1828 392 1874 eo
406 1816 559 1894 tempore
575 1806 773 1893 frequenter
788 1809 931 1895 solebat)
945 1806 989 1874 ad
1004 1808 1186 1875 ecclesiam
1199 1805 1270 1872 diui
1288 1804 1382 1872 Petri
1398 1806 1443 1870 de

196 1920 380 1988 Montorio
396 1943 459 2007 pro
475 1942 518 1990 eo
533 1924 782 2005 celebraturus
802 1922 907 1990 missa
922 1936 1039 1993 autem
1054 1921 1165 2004 finita,
1184 1921 1241 1989 cui
1253 1942 1320 2007 ego
1332 1918 1442 1986 inser·-

199 2028 350 2117 uieram,
374 2036 461 2105 dixit
480 2037 576 2105 mihi:
603 2036 677 2105 «No
698 2040 824 2106 mo'rira
844 2060 907 2126 por
927 2050 1002 2107 esta
1021 2061 1086 2106 uez
1108 2040 1281 2106 Esteuann
1299 2049 1325 2117 ¹¹3
1344 2048 1379 2103 et
1394 2036 1443 2102 ita

199 2152 349 2235 accidit;
372 2165 586 2238 consequuta
602 2154 697 2223 'enim
720 2166 773 2223 est
794 2154 937 2236 sanitas,
959 2152 1101 2222 medicis
1124 2152 1384 2233 admirantibus
1406 2162 1443 2218 et

200 2266 404 2354 Stephanus
418 2268 494 2356 ipse
509 2270 622 2356 paJam
643 2272 789 2338 salutem
805 2290 904 2338 suam
920 2282 954 2340 et
969 2270 1077 2338 uitam
1094 2268 1189 2337 Patri
1205 2279 1325 2336 nostro
1341 2288 1442 2334 acce·

204 2393 302 2468 ptam
319 2384 423 2452 refert
444 2397 548 2451 V.-r.
885 2474 890 2481 Ι

172 2482 176 2489 ’
277 2501 329 2567 18.
379 2502 509 2569 Eodem
538 2522 641 2583 ann0,
672 2524 741 2587 quo
759 2503 907 2570 Luterus
933 2504 977 2569 ab
1004 2500 1199 2571 obedientia
1216 2498 1382 2599 ecclesiae
1398 2500 1442 2564 ad

202 2628 319 2682 castra
331 2615 457 2684 diaboli
473 2616 631 2698 desciuit,
648 2617 810 2684 nimirum
827 2636 880 2701 17,
899 2621 1003 2688 Pater
1019 2630 1136 2686 noster
1151 2638 1188 2683 se
1204 2617 1248 2683 ad
1264 2599 1441 2682 Christum

201 2730 335 2817 recepit
351 2733 377 2813 ⁸,
396 2733 489 2817 quod
503 2733 645 2818 planum
662 2734 721 2802 fiet
737 2732 766 2800 si
782 2746 931 2803 aetatem
945 2751 1017 2820 qua
1032 2751 1221 2800 conuersus
1237 2741 1289 2799 est
1303 2743 1338 2798 et
1349 2748 1442 2795 mor-

257 2882 266 2913 ῑ
305 2870 484 2927 cancellata
496 2878 567 2928 sunt
576 2872 732 2945 sequentia
745 2876 806 2929 duo
817 2874 918 2931 verbu.
956 2888 1007 2916 -11
1022 2871 1199 2928 cancellata
1211 2872 1267 2926 huc
1273 2856 1442 2941 plerus'iJri·

203 2959 343 3031 spaniae,
357 2978 425 3017 eam
437 2966 530 3033 supra
545 2964 641 3019 latine
653 2962 774 3035 scripsit
787 2962 922 3019 Natalis:
935 2962 1004 3018 Non
1015 2962 1157 3017 morietur
1169 2976 1248 3015 nunc
1260 2959 1440 3031 Stephanus.

204 3062 255 3089 ..v
274 3049 453 3120 Sequentem
463 3052 704 3126 paragraphum
716 3051 753 3107 18
765 3051 947 3109 cancellavit
958 3049 1093 3107 Natalis.

259 3174 271 3209 ὅ
358 3191 427 3247 «por
440 3174 559 3248 espacio
571 3175 608 3232 de
622 3172 730 3233 'treinta
742 3194 763 3249 y
777 3176 850 3233 ocho
863 3180 936 3232 anos
945 3175 1010 3231 'casi
1023 3174 1110 3231 todos
1122 3176 1150 3230 la
1160 3162 1298 3230 tu'vieron
1311 3188 1364 3246 por
1377 3188 1442 3227 ean·

207 3267 269 3317 ta...
287 3264 325 3319 11
338 3262 379 3318 fin
393 3262 490 3319 vinos
503 3264 690 3321 descubrirse
704 3267 732 3320 ia
753 3264 925 3337 impostura,
948 3282 969 3337 y
991 3281 1029 3320 en
1044 3273 1087 3319 1.0
1100 3262 1138 3318 de
1157 3260 1257 3318 Enero
1278 3261 1316 3317 de
1337 3272 1440 3330 1544...

206 3346 256 3404 fue
269 3346 462 3407 eirca'rcelada
479 3370 517 3408 en
535 3354 562 3408 el
586 3350 678 3408 Sento
702 3350 799 3411 Oficio
822 3353 860 3409 de
885 3352 1075 3409 Cerdone...»
1101 3350 1282 3407 Mercennaz
1298 3350 1442 3421 Putauo,

207 3432 397 3497 Historlo'de
411 3442 454 3496 los
465 3443 658 3497 heterodoxos
667 3442 836 3515 ‘espariolerq
849 3442 905 3498 lib.
923 3442 960 3515 V,
980 3458 1046 3514 cap.
1059 3442 1083 3514 1,
1102 3442 1121 3512 ξ
1134 3454 1161 3513 2,
1175 3448 1196 3497 t.
1211 3440 1250 3507 II,
1264 3454 1332 3512 pag.
1347 3449 1410 3507 5293
1424 3454 1443 3493 a

207 3536 264 3599 quo
276 3538 397 3585 auctore
410 3530 518 3587 citatur
535 3526 572 3585 ad
584 3531 696 3587 calcem
720 3545 786 3603 pag.
807 3530 875 3600 528:
899 3530 1128 3589 instrumentum
1151 3530 1216 3585 eive
1239 3529 1385 3583 «Proceso
1405 3528 1443 3583 de

209 3614 395 3691 Magdalena
408 3620 444 3675 de
458 3620 489 3675 la
504 3616 593 3687 Orus,
610 3622 693 3692 page.
706 3620 760 3689 462
770 3616 790 3673 'a
811 3619 866 3688 506
882 3618 930 3676 dei
953 3628 1033 3675 tomo
1053 3615 1082 3673 ΙΙ
1100 3618 1139 3675 de
1161 3620 1205 3673 iae
1229 3616 1393 3672 Memoriae
1406 3617 1443 3673 de

209 3698 368 3763 Francisc'o
378 3710 415 3763 de
430 3708 576 3764 Earinus.
590 3708 725 3779 (Edicidn
738 3708 776 3765 de
789 3711 816 3765 la
829 3708 974 3765 Sociedad
986 3708 1025 3764 de
1034 3707 1166 3764 Historia
1176 3707 1214 3763 de
1227 3706 1357 3776 Belgica.
1370 3706 1442 3759 Bru·

208 3796 294 3865 selas,
310 3794 401 3866 1863).
417 3798 458 3853 La
470 3798 555 3869 copia
567 3814 626 3872 que
637 3790 731 3853 siritu
742 3814 813 3871 para
825 3800 853 3854 la
866 3796 1036 3854 traduocipn
1050 3811 1084 3853 es
1096 3797 1144 3853 del
1159 3796 1263 3851 Museo
1280 3794 1440 3851 Britabico.

207 3878 357 3959 (Egerton
372 3874 547 3951 Collection,
560 3884 656 3958 337).»
667 3890 713 3943 De
726 3887 830 3944 eadem
842 3887 955 3944 femina
965 3888 1028 3958 agit
1042 3888 1203 3958 Ronmoo,
1220 3886 1364 3940 Historia
1377 3902 1442 3940 ver·

208 3970 322 4032 austera
331 3975 372 4031 ‘de
381 3977 413 4032 lu
426 3976 624 4049 rnqu'sicz'on,
635 3970 700 4048 cap.
715 3974 760 4045 32,
772 3986 794 4034 t.
809 3978 848 4049 11,
859 3994 928 4051 pag.
943 3976 1007 4046 253.
1018 3976 1177 4033 Caeterum
1186 3974 1312 4048 resipuit
1322 3974 1442 4045 Magda-

207 4052 282 4132 i'e'na,
297 4062 469 4140 erroresque
482 4074 551 4122 suos
564 4074 595 4123 et
609 4066 700 4123 vitam
714 4076 782 4122 ante
795 4076 892 4123 actam
904 4064 1056 4123 damnavit
1067 4066 1116 4122 die
1129 4064 1147 4120 3
1160 4064 1230 4136 Maji
1245 4064 1324 4134 1546.
1395 4062 1399 4070 ’

259 4156 270 4187 ⁰
306 4153 379 4209 {abi
393 4152 589 4212 Ribadeneira
602 4156 658 4211 hor:
680 4158 745 4211 loco
762 4154 906 4212 dicendus
928 4163 985 4217 estt
1007 4154 1153 4229 siquidem
1169 4170 1226 4209 una
1246 4164 1292 4208 eet
1309 4152 1441 4208 omnium

210 4236 353 4298 sententia
365 4240 484 4300 felicem
497 4244 606 4317 ignatii
619 4249 655 4300 ad
667 4244 819 4302 Christum
837 4244 1063 4301 conversionem
1075 4253 1143 4317 post
1159 4254 1314 4315 acceptum
1333 4244 1442 4298 vulnus

211 4324 238 4383 in
250 4326 402 4389 obiidio'ne
414 4326 649 4406 pampelonensi,
662 4334 836 4405 contigisse,
851 4350 920 4405 cum
932 4332 1041 4407 nempe
1053 4334 1188 4405 Ignatius
1201 4334 1279 4388 lecto
1291 4332 1397 4387 affixus
1409 4330 1442 4386 in

210 4416 330 4490 iojola'eo
350 4424 451 4479 'castro
464 4422 668 4480 decumberet.
689 4423 747 4480 Cui
766 4426 934 4481 sententiae
955 4425 1083 4498 ipsemet
1094 4424 1318 4479 Rlunoauurun
1338 4420 1441 4477 suffra·

211 4506 302 4583 g‘atu'r,
319 4512 389 4568 Vtra
398 4506 519 4585 Ignatii
532 4512 671 4583 Loiolae,
683 4514 736 4573 lib.
750 4510 773 4586 1,
788 4510 853 4586 ca'p.
873 4526 901 4571 2.
921 4512 1013 4569 Porro
1030 4514 1280 4587 oppugnationem
1292 4511 1442 4584 pampelo-

213 4611 329 4663 nensern
341 4619 420 4657 auno
435 4614 515 4674 1521,
526 4603 647 4659 minime
661 4620 733 4659 vero
747 4616 827 4675 1517,
841 4603 950 4661 iactam
963 4620 1030 4660 esse
1044 4602 1154 4659 scimus
1167 4619 1280 4657 omnes.
