<?xml version="1.0" encoding="UTF-8"?>
<!DOCTYPE html PUBLIC "-//W3C//DTD XHTML 1.0 Transitional//EN"
    "http://www.w3.org/TR/xhtml1/DTD/xhtml1-transitional.dtd">
<html xmlns="http://www.w3.org/1999/xhtml" xml:lang="en" lang="en">
 <head>
  <title>
</title>
<meta http-equiv="Content-Type" content="text/html;charset=utf-8" />
  <meta name='ocr-system' content='tesseract 3.04.00' />
  <meta name='ocr-capabilities' content='ocr_page ocr_carea ocr_par ocr_line ocrx_word'/>
</head>
<body>
  <div class='ocr_page' id='page_1' title='image "./monumentaignati00ignagoog/monumentaignati00ignagoog_0602.png"; bbox 0 0 3500 5367; ppageno 0'>
   <div class='ocr_carea' id='block_1_1' title="bbox 392 390 1178 462">
    <p class='ocr_par' dir='ltr' id='par_1_1' title="bbox 392 390 1178 462">
     <span class='ocr_line' id='line_1_1' title="bbox 392 390 1178 462; baseline -0.001 -14"><span class='ocrx_word' id='word_1_1' title='bbox 392 405 447 462; x_wconf 74' lang='lat'><strong>590</strong></span> <span class='ocrx_word' id='word_1_2' title='bbox 665 440 671 457; x_wconf 86' lang='lat'><strong>,</strong></span> <span class='ocrx_word' id='word_1_3' title='bbox 771 390 978 451; x_wconf 72' lang='lat' dir='ltr'><strong>nouorum</strong></span> <span class='ocrx_word' id='word_1_4' title='bbox 998 390 1178 449; x_wconf 71' lang='lat' dir='ltr'><strong>{ortmann</strong></span> 
     </span>
    </p>
   </div>
   <div class='ocr_carea' id='block_1_2' title="bbox 237 543 1567 1327">
    <p class='ocr_par' dir='ltr' id='par_1_2' title="bbox 347 543 1567 1095">
     <span class='ocr_line' id='line_1_2' title="bbox 350 543 1567 637; baseline 0.002 -20"><span class='ocrx_word' id='word_1_5' title='bbox 350 568 472 637; x_wconf 82' lang='lat' dir='ltr'><strong>supra,</strong></span> <span class='ocrx_word' id='word_1_6' title='bbox 499 545 594 632; x_wconf 74' lang='lat' dir='ltr'><strong>quod</strong></span> <span class='ocrx_word' id='word_1_7' title='bbox 619 543 795 631; x_wconf 83' lang='lat' dir='ltr'><strong>predictus</strong></span> <span class='ocrx_word' id='word_1_8' title='bbox 815 564 897 613; x_wconf 87' lang='lat' dir='ltr'><strong>reus</strong></span> <span class='ocrx_word' id='word_1_9' title='bbox 915 554 1151 627; x_wconf 73' lang='lat' dir='ltr'><strong>etacumtns,</strong></span> <span class='ocrx_word' id='word_1_10' title='bbox 1167 557 1204 615; x_wconf 89' lang='lat' dir='ltr'><strong>et</strong></span> <span class='ocrx_word' id='word_1_11' title='bbox 1222 568 1284 633; x_wconf 88' lang='lat' dir='ltr'><strong>per</strong></span> <span class='ocrx_word' id='word_1_12' title='bbox 1303 570 1366 617; x_wconf 84' lang='lat' dir='ltr'><strong>vos</strong></span> <span class='ocrx_word' id='word_1_13' title='bbox 1384 554 1567 637; x_wconf 75' lang='lat' dir='ltr'><strong>proflatum</strong></span> 
     </span>
     <span class='ocr_line' id='line_1_3' title="bbox 350 660 1567 751; baseline 0.002 -20"><span class='ocrx_word' id='word_1_14' title='bbox 350 660 531 731; x_wconf 78' lang='lat' dir='ltr'><strong>dorninum</strong></span> <span class='ocrx_word' id='word_1_15' title='bbox 550 660 732 741; x_wconf 73' lang='lat' dir='ltr'><strong>dotamus,</strong></span> <span class='ocrx_word' id='word_1_16' title='bbox 756 660 971 727; x_wconf 89' lang='lat' dir='ltr'><strong>nullomodo</strong></span> <span class='ocrx_word' id='word_1_17' title='bbox 989 660 1116 731; x_wconf 84' lang='lat' dir='ltr'><strong>debeat</strong></span> <span class='ocrx_word' id='word_1_18' title='bbox 1138 661 1194 730; x_wconf 87' lang='lat' dir='ltr'><strong>uel</strong></span> <span class='ocrx_word' id='word_1_19' title='bbox 1214 662 1321 748; x_wconf 81' lang='lat' dir='ltr'><strong>possit</strong></span> <span class='ocrx_word' id='word_1_20' title='bbox 1339 665 1493 751; x_wconf 75' lang='lat' dir='ltr'><strong>gaudere</strong></span> <span class='ocrx_word' id='word_1_21' title='bbox 1510 668 1567 735; x_wconf 82' lang='lat' dir='ltr'><strong>uti</strong></span> 
     </span>
     <span class='ocr_line' id='line_1_4' title="bbox 352 774 1567 869; baseline 0.002 -25"><span class='ocrx_word' id='word_1_22' title='bbox 352 778 549 869; x_wconf 75' lang='lat' dir='ltr'><strong>primitiegio</strong></span> <span class='ocrx_word' id='word_1_23' title='bbox 560 774 732 857; x_wconf 81' lang='lat' dir='ltr'><strong>clericalii3</strong></span> <span class='ocrx_word' id='word_1_24' title='bbox 745 796 826 861; x_wconf 88' lang='lat' dir='ltr'><strong>ymo</strong></span> <span class='ocrx_word' id='word_1_25' title='bbox 837 774 958 844; x_wconf 81' lang='lat' dir='ltr'><strong>asserit</strong></span> <span class='ocrx_word' id='word_1_26' title='bbox 968 776 1064 862; x_wconf 83' lang='lat' dir='ltr'><strong>qnod</strong></span> <span class='ocrx_word' id='word_1_27' title='bbox 1078 776 1200 845; x_wconf 86' lang='lat' dir='ltr'><strong>saltem</strong></span> <span class='ocrx_word' id='word_1_28' title='bbox 1212 798 1274 865; x_wconf 87' lang='lat' dir='ltr'><strong>pro</strong></span> <span class='ocrx_word' id='word_1_29' title='bbox 1287 781 1355 852; x_wconf 78' lang='lat' dir='ltr'><strong>bac</strong></span> <span class='ocrx_word' id='word_1_30' title='bbox 1371 780 1447 849; x_wconf 84' lang='lat' dir='ltr'><strong>vice</strong></span> <span class='ocrx_word' id='word_1_31' title='bbox 1459 782 1567 855; x_wconf 73' lang='lat' dir='ltr'><strong>debut</strong></span> 
     </span>
     <span class='ocr_line' id='line_1_5' title="bbox 347 888 1565 981; baseline 0.002 -18"><span class='ocrx_word' id='word_1_32' title='bbox 347 914 470 963; x_wconf 83' lang='lat' dir='ltr'><strong>carere</strong></span> <span class='ocrx_word' id='word_1_33' title='bbox 485 891 558 961; x_wconf 85' lang='lat' dir='ltr'><strong>talii</strong></span> <span class='ocrx_word' id='word_1_34' title='bbox 573 890 766 978; x_wconf 87' lang='lat' dir='ltr'><strong>priuillegio</strong></span> <span class='ocrx_word' id='word_1_35' title='bbox 783 888 943 959; x_wconf 77' lang='lat' dir='ltr'><strong>clericalli</strong></span> <span class='ocrx_word' id='word_1_36' title='bbox 957 891 1073 959; x_wconf 83' lang='lat' dir='ltr'><strong>causis</strong></span> <span class='ocrx_word' id='word_1_37' title='bbox 1086 904 1123 959; x_wconf 86' lang='lat' dir='ltr'><strong>et</strong></span> <span class='ocrx_word' id='word_1_38' title='bbox 1138 891 1330 963; x_wconf 86' lang='lat' dir='ltr'><strong>rationibus</strong></span> <span class='ocrx_word' id='word_1_39' title='bbox 1343 896 1565 981; x_wconf 85' lang='lat' dir='ltr'><strong>sequentibus.</strong></span> 
     </span>
     <span class='ocr_line' id='line_1_6' title="bbox 420 1004 1563 1095; baseline 0.003 -19"><span class='ocrx_word' id='word_1_40' title='bbox 420 1008 465 1077; x_wconf 89' lang='lat' dir='ltr'><strong>Et</strong></span> <span class='ocrx_word' id='word_1_41' title='bbox 480 1008 515 1075; x_wconf 87' lang='lat' dir='ltr'><strong>in</strong></span> <span class='ocrx_word' id='word_1_42' title='bbox 529 1006 661 1095; x_wconf 85' lang='lat' dir='ltr'><strong>primis,</strong></span> <span class='ocrx_word' id='word_1_43' title='bbox 677 1004 854 1093; x_wconf 77' lang='lat' dir='ltr'><strong>quiscum</strong></span> <span class='ocrx_word' id='word_1_44' title='bbox 870 1004 1025 1075; x_wconf 79' lang='lat' dir='ltr'><strong>interssit</strong></span> <span class='ocrx_word' id='word_1_45' title='bbox 1041 1007 1239 1094; x_wconf 87' lang='lat' dir='ltr'><strong>reypublioe</strong></span> <span class='ocrx_word' id='word_1_46' title='bbox 1255 1032 1301 1079; x_wconf 89' lang='lat' dir='ltr'><strong>ne</strong></span> <span class='ocrx_word' id='word_1_47' title='bbox 1314 1011 1451 1081; x_wconf 75' lang='lat' dir='ltr'><strong>dedicta</strong></span> <span class='ocrx_word' id='word_1_48' title='bbox 1470 1035 1563 1083; x_wconf 82' lang='lat' dir='ltr'><strong>rema·</strong></span> 
     </span>
    </p>

    <p class='ocr_par' dir='ltr' id='par_1_3' title="bbox 237 1120 1565 1327">
     <span class='ocr_line' id='line_1_7' title="bbox 237 1120 1565 1215; baseline 0.002 -21"><span class='ocrx_word' id='word_1_49' title='bbox 237 1144 243 1153; x_wconf 91' lang='lat'>·</span> <span class='ocrx_word' id='word_1_50' title='bbox 352 1136 460 1194; x_wconf 81' lang='lat' dir='ltr'><strong>neam</strong></span> <span class='ocrx_word' id='word_1_51' title='bbox 475 1122 645 1209; x_wconf 81' lang='lat' dir='ltr'>inpunita,</span> <span class='ocrx_word' id='word_1_52' title='bbox 663 1132 699 1193; x_wconf 90' lang='lat' dir='ltr'><strong>et</strong></span> <span class='ocrx_word' id='word_1_53' title='bbox 714 1120 892 1211; x_wconf 85' lang='lat' dir='ltr'><strong>proprium</strong></span> <span class='ocrx_word' id='word_1_54' title='bbox 907 1120 952 1189; x_wconf 88' lang='lat' dir='ltr'><strong>sit</strong></span> <span class='ocrx_word' id='word_1_55' title='bbox 966 1121 1183 1209; x_wconf 84' lang='lat' dir='ltr'><strong>primumque</strong></span> <span class='ocrx_word' id='word_1_56' title='bbox 1202 1146 1275 1193; x_wconf 88' lang='lat' dir='ltr'><strong>rem</strong></span> <span class='ocrx_word' id='word_1_57' title='bbox 1295 1148 1394 1193; x_wconf 89' lang='lat' dir='ltr'><strong>suam</strong></span> <span class='ocrx_word' id='word_1_58' title='bbox 1413 1128 1565 1215; x_wconf 79' lang='lat' dir='ltr'>publicam</span> 
     </span>
     <span class='ocr_line' id='line_1_8' title="bbox 350 1237 1565 1327; baseline -0.002 -14"><span class='ocrx_word' id='word_1_59' title='bbox 350 1252 472 1313; x_wconf 85' lang='lat' dir='ltr'><strong>tenere</strong></span> <span class='ocrx_word' id='word_1_60' title='bbox 491 1239 528 1307; x_wconf 86' lang='lat' dir='ltr'><strong>in</strong></span> <span class='ocrx_word' id='word_1_61' title='bbox 557 1238 672 1325; x_wconf 82' lang='lat' dir='ltr'><strong>quieto</strong></span> <span class='ocrx_word' id='word_1_62' title='bbox 699 1248 734 1305; x_wconf 87' lang='lat' dir='ltr'><strong>et</strong></span> <span class='ocrx_word' id='word_1_63' title='bbox 753 1256 839 1325; x_wconf 88' lang='lat' dir='ltr'><strong>pace</strong></span> <span class='ocrx_word' id='word_1_64' title='bbox 866 1256 929 1324; x_wconf 84' lang='lat' dir='ltr'><strong>per</strong></span> <span class='ocrx_word' id='word_1_65' title='bbox 949 1237 1125 1307; x_wconf 85' lang='lat' dir='ltr'><strong>ministros</strong></span> <span class='ocrx_word' id='word_1_66' title='bbox 1147 1240 1266 1327; x_wconf 81' lang='lat' dir='ltr'><strong>legum</strong></span> <span class='ocrx_word' id='word_1_67' title='bbox 1286 1253 1322 1309; x_wconf 88' lang='lat' dir='ltr'><strong>et</strong></span> <span class='ocrx_word' id='word_1_68' title='bbox 1343 1242 1492 1327; x_wconf 84' lang='lat' dir='ltr'><strong>justicie,</strong></span> <span class='ocrx_word' id='word_1_69' title='bbox 1511 1242 1565 1311; x_wconf 82' lang='lat' dir='ltr'><strong>aci</strong></span> 
     </span>
    </p>
   </div>
   <div class='ocr_carea' id='block_1_3' title="bbox 349 1465 1565 1690">
    <p class='ocr_par' dir='ltr' id='par_1_4' title="bbox 349 1465 1565 1690">
     <span class='ocr_line' id='line_1_9' title="bbox 350 1465 1565 1561; baseline -0.001 -20"><span class='ocrx_word' id='word_1_70' title='bbox 350 1483 470 1541; x_wconf 89' lang='lat' dir='ltr'><strong>noster</strong></span> <span class='ocrx_word' id='word_1_71' title='bbox 486 1491 546 1537; x_wconf 84' lang='lat' dir='ltr'><strong>rex</strong></span> <span class='ocrx_word' id='word_1_72' title='bbox 570 1468 809 1540; x_wconf 88' lang='lat' dir='ltr'><strong>Ferdinandus</strong></span> <span class='ocrx_word' id='word_1_73' title='bbox 824 1490 864 1537; x_wconf 87' lang='lat' dir='ltr'><strong>ac</strong></span> <span class='ocrx_word' id='word_1_74' title='bbox 880 1468 1002 1556; x_wconf 84' lang='lat' dir='ltr'><strong>regina</strong></span> <span class='ocrx_word' id='word_1_75' title='bbox 1018 1465 1217 1560; x_wconf 81' lang='lat' dir='ltr'><strong>[Eiisabeth]</strong></span> <span class='ocrx_word' id='word_1_76' title='bbox 1233 1471 1260 1553; x_wconf 60' lang='lat' dir='ltr'><strong>k,</strong></span> <span class='ocrx_word' id='word_1_77' title='bbox 1277 1495 1380 1561; x_wconf 80' lang='lat' dir='ltr'><strong>reges</strong></span> <span class='ocrx_word' id='word_1_78' title='bbox 1395 1475 1496 1543; x_wconf 88' lang='lat' dir='ltr'><strong>totius</strong></span> <span class='ocrx_word' id='word_1_79' title='bbox 1509 1474 1565 1543; x_wconf 90' lang='lat' dir='ltr'><strong>Hi-</strong></span> 
     </span>
     <span class='ocr_line' id='line_1_10' title="bbox 349 1584 1562 1690; baseline 0.001 -33"><span class='ocrx_word' id='word_1_80' title='bbox 349 1587 483 1677; x_wconf 84' lang='lat' dir='ltr'><strong>spanie,</strong></span> <span class='ocrx_word' id='word_1_81' title='bbox 502 1584 682 1675; x_wconf 84' lang='lat' dir='ltr'><strong>cupientes</strong></span> <span class='ocrx_word' id='word_1_82' title='bbox 697 1605 817 1672; x_wconf 86' lang='lat' dir='ltr'><strong>pacem</strong></span> <span class='ocrx_word' id='word_1_83' title='bbox 834 1596 870 1653; x_wconf 90' lang='lat' dir='ltr'><strong>et</strong></span> <span class='ocrx_word' id='word_1_84' title='bbox 892 1584 1172 1690; x_wconf 85' lang='lat' dir='ltr'><strong>tranquillitatem</strong></span> <span class='ocrx_word' id='word_1_85' title='bbox 1191 1608 1335 1656; x_wconf 84' lang='lat' dir='ltr'><strong>suornm</strong></span> <span class='ocrx_word' id='word_1_86' title='bbox 1350 1591 1562 1669; x_wconf 88' lang='lat' dir='ltr'><strong>subditorum,</strong></span> 
     </span>
    </p>
   </div>
   <div class='ocr_carea' id='block_1_4' title="bbox 302 1684 1680 1794">
    <p class='ocr_par' dir='ltr' id='par_1_5' title="bbox 302 1684 1680 1794">
     <span class='ocr_line' id='line_1_11' title="bbox 302 1684 1680 1794; baseline 0 -19"><span class='ocrx_word' id='word_1_87' title='bbox 302 1684 305 1691; x_wconf 32' lang='lat'><strong><em>⁴</em></strong></span> <span class='ocrx_word' id='word_1_88' title='bbox 347 1714 388 1775; x_wconf 89' lang='lat' dir='ltr'><strong>et</strong></span> <span class='ocrx_word' id='word_1_89' title='bbox 399 1704 571 1773; x_wconf 76' lang='lat' dir='ltr'>vollentes</span> <span class='ocrx_word' id='word_1_90' title='bbox 590 1700 732 1771; x_wconf 87' lang='lat' dir='ltr'><strong>obuiare</strong></span> <span class='ocrx_word' id='word_1_91' title='bbox 746 1712 781 1771; x_wconf 90' lang='lat' dir='ltr'><strong>et</strong></span> <span class='ocrx_word' id='word_1_92' title='bbox 797 1722 981 1773; x_wconf 82' lang='lat' dir='ltr'><strong>occurrere</strong></span> <span class='ocrx_word' id='word_1_93' title='bbox 994 1702 1186 1771; x_wconf 80' lang='lat' dir='ltr'><strong>ooeassioni</strong></span> <span class='ocrx_word' id='word_1_94' title='bbox 1207 1704 1474 1794; x_wconf 79' lang='lat' dir='ltr'><strong>[delianuendi¹</strong></span> <span class='ocrx_word' id='word_1_95' title='bbox 1489 1728 1564 1793; x_wconf 87' lang='lat' dir='ltr'><strong>quo·</strong></span> <span class='ocrx_word' id='word_1_96' title='bbox 1679 1765 1680 1786; x_wconf 82' lang='lat'><strong>,</strong></span> 
     </span>
    </p>
   </div>
   <div class='ocr_carea' id='block_1_5' title="bbox 340 1817 1563 2835">
    <p class='ocr_par' dir='ltr' id='par_1_6' title="bbox 340 1817 1563 2835">
     <span class='ocr_line' id='line_1_12' title="bbox 350 1817 1563 1909; baseline 0.004 -21"><span class='ocrx_word' id='word_1_97' title='bbox 350 1821 509 1888; x_wconf 83' lang='lat' dir='ltr'>rumdam</span> <span class='ocrx_word' id='word_1_98' title='bbox 530 1817 800 1885; x_wconf 84' lang='lat' dir='ltr'><strong>malleuoilorum</strong></span> <span class='ocrx_word' id='word_1_99' title='bbox 822 1827 859 1885; x_wconf 90' lang='lat' dir='ltr'><strong>et</strong></span> <span class='ocrx_word' id='word_1_100' title='bbox 882 1817 1187 1899; x_wconf 84' lang='lat' dir='ltr'><strong>scandaliosorum,</strong></span> <span class='ocrx_word' id='word_1_101' title='bbox 1205 1820 1277 1905; x_wconf 87' lang='lat' dir='ltr'><strong>qui,</strong></span> <span class='ocrx_word' id='word_1_102' title='bbox 1298 1834 1457 1907; x_wconf 84' lang='lat' dir='ltr'><strong>pretextu</strong></span> <span class='ocrx_word' id='word_1_103' title='bbox 1472 1823 1563 1909; x_wconf 81' lang='lat' dir='ltr'><strong>prime</strong></span> 
     </span>
     <span class='ocr_line' id='line_1_13' title="bbox 352 1928 1560 2025; baseline 0.003 -22"><span class='ocrx_word' id='word_1_104' title='bbox 352 1946 507 2018; x_wconf 82' lang='lat' dir='ltr'><strong>tonsure,</strong></span> <span class='ocrx_word' id='word_1_105' title='bbox 532 1933 680 2001; x_wconf 81' lang='lat' dir='ltr'><strong>audaces</strong></span> <span class='ocrx_word' id='word_1_106' title='bbox 695 1928 762 2021; x_wconf 82' lang='lat' dir='ltr'><strong>[ad]</strong></span> <span class='ocrx_word' id='word_1_107' title='bbox 778 1944 800 1972; x_wconf 74' lang='lat'><strong>¹²¹</strong></span> <span class='ocrx_word' id='word_1_108' title='bbox 821 1932 944 2017; x_wconf 89' lang='lat' dir='ltr'><strong>queuis</strong></span> <span class='ocrx_word' id='word_1_109' title='bbox 965 1928 1233 2019; x_wconf 82' lang='lat' dir='ltr'><strong>perpetrandum</strong></span> <span class='ocrx_word' id='word_1_110' title='bbox 1253 1935 1289 2003; x_wconf 90' lang='lat' dir='ltr'><strong>in</strong></span> <span class='ocrx_word' id='word_1_111' title='bbox 1303 1958 1428 2007; x_wconf 86' lang='lat' dir='ltr'><strong>eorum</strong></span> <span class='ocrx_word' id='word_1_112' title='bbox 1449 1938 1560 2025; x_wconf 86' lang='lat' dir='ltr'><strong>regnis,</strong></span> 
     </span>
     <span class='ocr_line' id='line_1_14' title="bbox 345 2047 1561 2137; baseline 0 -18"><span class='ocrx_word' id='word_1_113' title='bbox 345 2063 387 2119; x_wconf 88' lang='lat' dir='ltr'><strong>et</strong></span> <span class='ocrx_word' id='word_1_114' title='bbox 402 2051 580 2137; x_wconf 82' lang='lat' dir='ltr'><strong>signanter</strong></span> <span class='ocrx_word' id='word_1_115' title='bbox 595 2047 630 2115; x_wconf 92' lang='lat' dir='ltr'><strong>in</strong></span> <span class='ocrx_word' id='word_1_116' title='bbox 647 2048 800 2135; x_wconf 85' lang='lat' dir='ltr'><strong>predicta</strong></span> <span class='ocrx_word' id='word_1_117' title='bbox 815 2047 990 2134; x_wconf 80' lang='lat' dir='ltr'><strong>provincia</strong></span> <span class='ocrx_word' id='word_1_118' title='bbox 1004 2048 1220 2135; x_wconf 87' lang='lat' dir='ltr'><strong>Guipuzcue,</strong></span> <span class='ocrx_word' id='word_1_119' title='bbox 1238 2054 1474 2122; x_wconf 85' lang='lat' dir='ltr'><strong>redderentur.</strong></span> <span class='ocrx_word' id='word_1_120' title='bbox 1490 2054 1561 2120; x_wconf 85' lang='lat' dir='ltr'><strong>Vol-</strong></span> 
     </span>
     <span class='ocr_line' id='line_1_15' title="bbox 349 2162 1559 2252; baseline 0.002 -16"><span class='ocrx_word' id='word_1_121' title='bbox 349 2168 461 2236; x_wconf 71' lang='lat' dir='ltr'><strong>tentes</strong></span> <span class='ocrx_word' id='word_1_122' title='bbox 474 2165 582 2252; x_wconf 86' lang='lat' dir='ltr'><strong>igitur</strong></span> <span class='ocrx_word' id='word_1_123' title='bbox 598 2165 770 2232; x_wconf 80' lang='lat' dir='ltr'><strong>refrenare</strong></span> <span class='ocrx_word' id='word_1_124' title='bbox 785 2162 902 2231; x_wconf 89' lang='lat' dir='ltr'><strong>omnia</strong></span> <span class='ocrx_word' id='word_1_125' title='bbox 917 2163 1072 2250; x_wconf 83' lang='lat' dir='ltr'><strong>predicta</strong></span> <span class='ocrx_word' id='word_1_126' title='bbox 1087 2166 1188 2233; x_wconf 88' lang='lat' dir='ltr'><strong>malla</strong></span> <span class='ocrx_word' id='word_1_127' title='bbox 1204 2181 1436 2252; x_wconf 85' lang='lat' dir='ltr'><strong>procurarunt</strong></span> <span class='ocrx_word' id='word_1_128' title='bbox 1451 2171 1559 2238; x_wconf 78' lang='lat' dir='ltr'><strong>haben</strong></span> 
     </span>
     <span class='ocr_line' id='line_1_16' title="bbox 346 2277 1556 2369; baseline 0 -19"><span class='ocrx_word' id='word_1_129' title='bbox 346 2293 484 2353; x_wconf 87' lang='lat' dir='ltr'><strong>certum</strong></span> <span class='ocrx_word' id='word_1_130' title='bbox 510 2280 682 2351; x_wconf 85' lang='lat' dir='ltr'><strong>indultum</strong></span> <span class='ocrx_word' id='word_1_131' title='bbox 710 2278 784 2349; x_wconf 89' lang='lat' dir='ltr'><strong>siue</strong></span> <span class='ocrx_word' id='word_1_132' title='bbox 811 2277 1044 2367; x_wconf 85' lang='lat' dir='ltr'><strong>prouisionem</strong></span> <span class='ocrx_word' id='word_1_133' title='bbox 1075 2302 1179 2369; x_wconf 87' lang='lat' dir='ltr'><strong>super</strong></span> <span class='ocrx_word' id='word_1_134' title='bbox 1204 2284 1378 2369; x_wconf 87' lang='lat' dir='ltr'><strong>premissis</strong></span> <span class='ocrx_word' id='word_1_135' title='bbox 1407 2286 1556 2353; x_wconf 84' lang='lat' dir='ltr'><strong>omnibus.</strong></span> 
     </span>
     <span class='ocr_line' id='line_1_17' title="bbox 350 2395 1557 2485; baseline 0.002 -18"><span class='ocrx_word' id='word_1_136' title='bbox 350 2398 627 2467; x_wconf 84' lang='lat' dir='ltr'><strong>Editaasummo</strong></span> <span class='ocrx_word' id='word_1_137' title='bbox 639 2395 813 2485; x_wconf 88' lang='lat' dir='ltr'><strong>pontiffice</strong></span> <span class='ocrx_word' id='word_1_138' title='bbox 824 2395 1034 2465; x_wconf 80' lang='lat' dir='ltr'><strong>Allerandro</strong></span> <span class='ocrx_word' id='word_1_139' title='bbox 1044 2418 1132 2485; x_wconf 88' lang='lat' dir='ltr'><strong>papa</strong></span> <span class='ocrx_word' id='word_1_140' title='bbox 1142 2400 1212 2465; x_wconf 89' lang='lat' dir='ltr'><strong>duo</strong></span> <span class='ocrx_word' id='word_1_141' title='bbox 1223 2398 1369 2480; x_wconf 87' lang='lat' dir='ltr'><strong>indulta,</strong></span> <span class='ocrx_word' id='word_1_142' title='bbox 1378 2422 1480 2469; x_wconf 89' lang='lat' dir='ltr'><strong>vnum</strong></span> <span class='ocrx_word' id='word_1_143' title='bbox 1489 2420 1557 2469; x_wconf 88' lang='lat' dir='ltr'><strong>con·</strong></span> 
     </span>
     <span class='ocr_line' id='line_1_18' title="bbox 344 2491 1557 2602; baseline 0.002 -21"><span class='ocrx_word' id='word_1_144' title='bbox 344 2491 487 2583; x_wconf 77' lang='lat' dir='ltr'><strong>cessum</strong></span> <span class='ocrx_word' id='word_1_145' title='bbox 496 2534 587 2581; x_wconf 89' lang='lat' dir='ltr'><strong>anno</strong></span> <span class='ocrx_word' id='word_1_146' title='bbox 599 2510 708 2599; x_wconf 87' lang='lat' dir='ltr'><strong>primo</strong></span> <span class='ocrx_word' id='word_1_147' title='bbox 716 2510 1097 2599; x_wconf 80' lang='lat' dir='ltr'><strong>pontificatuseiusdem</strong></span> <span class='ocrx_word' id='word_1_148' title='bbox 1110 2500 1310 2582; x_wconf 78' lang='lat' dir='ltr'><strong>Allexandri</strong></span> <span class='ocrx_word' id='word_1_149' title='bbox 1316 2536 1420 2602; x_wconf 81' lang='lat' dir='ltr'><strong>pape,</strong></span> <span class='ocrx_word' id='word_1_150' title='bbox 1429 2528 1464 2584; x_wconf 90' lang='lat' dir='ltr'><strong>et</strong></span> <span class='ocrx_word' id='word_1_151' title='bbox 1471 2515 1557 2583; x_wconf 77' lang='lat' dir='ltr'><strong>ntor</strong></span> 
     </span>
     <span class='ocr_line' id='line_1_19' title="bbox 340 2626 1558 2718; baseline 0.002 -21"><span class='ocrx_word' id='word_1_152' title='bbox 340 2652 438 2699; x_wconf 87' lang='lat' dir='ltr'><strong>anno</strong></span> <span class='ocrx_word' id='word_1_153' title='bbox 457 2629 591 2697; x_wconf 89' lang='lat' dir='ltr'><strong>decimo</strong></span> <span class='ocrx_word' id='word_1_154' title='bbox 617 2626 762 2715; x_wconf 83' lang='lat' dir='ltr'><strong>predicti</strong></span> <span class='ocrx_word' id='word_1_155' title='bbox 790 2626 1027 2713; x_wconf 78' lang='lat' dir='ltr'><strong>pontificatue,</strong></span> <span class='ocrx_word' id='word_1_156' title='bbox 1057 2628 1294 2712; x_wconf 87' lang='lat' dir='ltr'><strong>obtinuerunt,</strong></span> <span class='ocrx_word' id='word_1_157' title='bbox 1324 2631 1449 2717; x_wconf 85' lang='lat' dir='ltr'><strong>quibus</strong></span> <span class='ocrx_word' id='word_1_158' title='bbox 1472 2652 1558 2718; x_wconf 84' lang='lat' dir='ltr'><strong>super</strong></span> 
     </span>
     <span class='ocr_line' id='line_1_20' title="bbox 345 2741 1556 2835; baseline 0.003 -20"><span class='ocrx_word' id='word_1_159' title='bbox 345 2744 542 2835; x_wconf 77' lang='lat' dir='ltr'><strong>promisione</strong></span> <span class='ocrx_word' id='word_1_160' title='bbox 553 2756 590 2815; x_wconf 89' lang='lat' dir='ltr'><strong>et</strong></span> <span class='ocrx_word' id='word_1_161' title='bbox 605 2743 708 2811; x_wconf 86' lang='lat' dir='ltr'><strong>modo</strong></span> <span class='ocrx_word' id='word_1_162' title='bbox 723 2765 764 2813; x_wconf 89' lang='lat' dir='ltr'><strong>ac</strong></span> <span class='ocrx_word' id='word_1_163' title='bbox 776 2741 1015 2829; x_wconf 80' lang='lat' dir='ltr'><strong>jurisdictione</strong></span> <span class='ocrx_word' id='word_1_164' title='bbox 1030 2744 1190 2814; x_wconf 85' lang='lat' dir='ltr'><strong>habenda</strong></span> <span class='ocrx_word' id='word_1_165' title='bbox 1205 2757 1242 2813; x_wconf 91' lang='lat' dir='ltr'><strong>et</strong></span> <span class='ocrx_word' id='word_1_166' title='bbox 1256 2750 1447 2815; x_wconf 84' lang='lat' dir='ltr'><strong>exercenda</strong></span> <span class='ocrx_word' id='word_1_167' title='bbox 1459 2749 1490 2815; x_wconf 90' lang='lat' dir='ltr'><strong>in</strong></span> <span class='ocrx_word' id='word_1_168' title='bbox 1500 2768 1556 2821; x_wconf 78' lang='lat' dir='ltr'><strong>eos.</strong></span> 
     </span>
    </p>
   </div>
   <div class='ocr_carea' id='block_1_6' title="bbox 339 2843 1679 2951">
    <p class='ocr_par' dir='ltr' id='par_1_7' title="bbox 339 2843 1679 2951">
     <span class='ocr_line' id='line_1_21' title="bbox 339 2843 1679 2951; baseline -0.005 -21"><span class='ocrx_word' id='word_1_169' title='bbox 339 2862 404 2949; x_wconf 79' lang='lat' dir='ltr'><strong>qui</strong></span> <span class='ocrx_word' id='word_1_170' title='bbox 425 2871 595 2929; x_wconf 87' lang='lat' dir='ltr'><strong>conantur</strong></span> <span class='ocrx_word' id='word_1_171' title='bbox 616 2880 739 2931; x_wconf 85' lang='lat' dir='ltr'><strong>manus</strong></span> <span class='ocrx_word' id='word_1_172' title='bbox 756 2857 913 2945; x_wconf 85' lang='lat' dir='ltr'><strong>judicum</strong></span> <span class='ocrx_word' id='word_1_173' title='bbox 936 2859 1167 2941; x_wconf 87' lang='lat' dir='ltr'><strong>secullarium,</strong></span> <span class='ocrx_word' id='word_1_174' title='bbox 1189 2872 1349 2947; x_wconf 74' lang='lat' dir='ltr'><strong>pretextu</strong></span> <span class='ocrx_word' id='word_1_175' title='bbox 1369 2861 1556 2951; x_wconf 68' lang='lat' dir='ltr'><strong>priniitegifi]</strong></span> <span class='ocrx_word' id='word_1_176' title='bbox 1678 2843 1679 2910; x_wconf 66' lang='grc' dir='ltr'>ἐ</span> 
     </span>
    </p>
   </div>
   <div class='ocr_carea' id='block_1_7' title="bbox 233 2974 1559 4454">
    <p class='ocr_par' dir='ltr' id='par_1_8' title="bbox 233 2974 1559 4454">
     <span class='ocr_line' id='line_1_22' title="bbox 248 2974 1558 3070; baseline 0.005 -27"><span class='ocrx_word' id='word_1_177' title='bbox 248 3058 251 3070; x_wconf 23' lang='grc'>1</span> <span class='ocrx_word' id='word_1_178' title='bbox 340 2976 536 3056; x_wconf 79' lang='lat' dir='ltr'><strong>clericellis,</strong></span> <span class='ocrx_word' id='word_1_179' title='bbox 554 2976 714 3056; x_wconf 88' lang='lat' dir='ltr'><strong>euadere,</strong></span> <span class='ocrx_word' id='word_1_180' title='bbox 733 2974 783 3045; x_wconf 85' lang='lat' dir='ltr'><strong>sic</strong></span> <span class='ocrx_word' id='word_1_181' title='bbox 798 2985 944 3043; x_wconf 88' lang='lat' dir='ltr'><strong>cauetur</strong></span> <span class='ocrx_word' id='word_1_182' title='bbox 958 2984 994 3043; x_wconf 91' lang='lat' dir='ltr'><strong>et</strong></span> <span class='ocrx_word' id='word_1_183' title='bbox 1012 2974 1225 3062; x_wconf 88' lang='lat' dir='ltr'><strong>prouidetur:</strong></span> <span class='ocrx_word' id='word_1_184' title='bbox 1248 2978 1343 3063; x_wconf 86' lang='lat' dir='ltr'><strong>quod</strong></span> <span class='ocrx_word' id='word_1_185' title='bbox 1363 2980 1487 3060; x_wconf 87' lang='lat' dir='ltr'><strong>clerici,</strong></span> <span class='ocrx_word' id='word_1_186' title='bbox 1501 2977 1558 3067; x_wconf 89' lang='lat' dir='ltr'><strong>pri·</strong></span> 
     </span>
     <span class='ocr_line' id='line_1_23' title="bbox 345 3091 1559 3179; baseline 0.002 -20"><span class='ocrx_word' id='word_1_187' title='bbox 345 3115 435 3160; x_wconf 82' lang='lat' dir='ltr'><strong>mam</strong></span> <span class='ocrx_word' id='word_1_188' title='bbox 451 3094 630 3159; x_wconf 83' lang='lat' dir='ltr'><strong>dumtaxat</strong></span> <span class='ocrx_word' id='word_1_189' title='bbox 650 3100 827 3159; x_wconf 85' lang='lat' dir='ltr'><strong>tonsuram</strong></span> <span class='ocrx_word' id='word_1_190' title='bbox 843 3091 1023 3173; x_wconf 77' lang='lat' dir='ltr'><strong>habenteS,</strong></span> <span class='ocrx_word' id='word_1_191' title='bbox 1040 3108 1111 3158; x_wconf 86' lang='lat' dir='ltr'><strong>non</strong></span> <span class='ocrx_word' id='word_1_192' title='bbox 1126 3092 1334 3179; x_wconf 86' lang='lat' dir='ltr'><strong>beneficiati,</strong></span> <span class='ocrx_word' id='word_1_193' title='bbox 1348 3107 1385 3162; x_wconf 91' lang='lat' dir='ltr'><strong>et</strong></span> <span class='ocrx_word' id='word_1_194' title='bbox 1400 3092 1559 3163; x_wconf 72' lang='lat' dir='ltr'><strong>faciamos</strong></span> 
     </span>
     <span class='ocr_line' id='line_1_24' title="bbox 233 3204 1558 3305; baseline 0.005 -32"><span class='ocrx_word' id='word_1_195' title='bbox 233 3298 236 3305; x_wconf 25' lang='grc' dir='ltr'>Ι</span> <span class='ocrx_word' id='word_1_196' title='bbox 343 3208 515 3289; x_wconf 84' lang='lat' dir='ltr'><strong>homines,</strong></span> <span class='ocrx_word' id='word_1_197' title='bbox 527 3207 563 3275; x_wconf 93' lang='lat' dir='ltr'><strong>in</strong></span> <span class='ocrx_word' id='word_1_198' title='bbox 575 3206 692 3295; x_wconf 85' lang='lat' dir='ltr'><strong>regnis</strong></span> <span class='ocrx_word' id='word_1_199' title='bbox 705 3228 745 3274; x_wconf 88' lang='lat' dir='ltr'><strong>ac</strong></span> <span class='ocrx_word' id='word_1_200' title='bbox 757 3204 917 3273; x_wconf 87' lang='lat' dir='ltr'><strong>dominiis</strong></span> <span class='ocrx_word' id='word_1_201' title='bbox 927 3205 1098 3275; x_wconf 87' lang='lat' dir='ltr'><strong>dictorum</strong></span> <span class='ocrx_word' id='word_1_202' title='bbox 1110 3206 1359 3277; x_wconf 85' lang='lat' dir='ltr'><strong>catholicorum</strong></span> <span class='ocrx_word' id='word_1_203' title='bbox 1372 3232 1490 3300; x_wconf 85' lang='lat' dir='ltr'><strong>regum</strong></span> <span class='ocrx_word' id='word_1_204' title='bbox 1500 3210 1558 3278; x_wconf 84' lang='lat' dir='ltr'><strong>del·</strong></span> 
     </span>
     <span class='ocr_line' id='line_1_25' title="bbox 343 3308 1559 3417; baseline -0.001 -27"><span class='ocrx_word' id='word_1_205' title='bbox 343 3324 555 3409; x_wconf 88' lang='lat' dir='ltr'><strong>linquentes,</strong></span> <span class='ocrx_word' id='word_1_206' title='bbox 585 3322 614 3391; x_wconf 89' lang='lat' dir='ltr'><strong>si</strong></span> <span class='ocrx_word' id='word_1_207' title='bbox 643 3333 796 3409; x_wconf 87' lang='lat' dir='ltr'><strong>tempore</strong></span> <span class='ocrx_word' id='word_1_208' title='bbox 823 3320 1010 3408; x_wconf 82' lang='lat' dir='ltr'><strong>perpetrati</strong></span> <span class='ocrx_word' id='word_1_209' title='bbox 1034 3342 1154 3389; x_wconf 90' lang='lat' dir='ltr'><strong>eorum</strong></span> <span class='ocrx_word' id='word_1_210' title='bbox 1185 3322 1314 3391; x_wconf 85' lang='lat' dir='ltr'><strong>dellicti</strong></span> <span class='ocrx_word' id='word_1_211' title='bbox 1340 3348 1405 3413; x_wconf 87' lang='lat' dir='ltr'><strong>per</strong></span> <span class='ocrx_word' id='word_1_212' title='bbox 1431 3308 1559 3417; x_wconf 80' lang='lat' dir='ltr'><strong>quatuor</strong></span> 
     </span>
     <span class='ocr_line' id='line_1_26' title="bbox 343 3437 1557 3511; baseline -0.002 -2"><span class='ocrx_word' id='word_1_213' title='bbox 343 3460 498 3509; x_wconf 66' lang='lat' dir='ltr'><strong>meumes</strong></span> <span class='ocrx_word' id='word_1_214' title='bbox 515 3450 595 3509; x_wconf 88' lang='lat' dir='ltr'><strong>ante</strong></span> <span class='ocrx_word' id='word_1_215' title='bbox 610 3438 646 3507; x_wconf 93' lang='lat' dir='ltr'><strong>in</strong></span> <span class='ocrx_word' id='word_1_216' title='bbox 673 3438 795 3507; x_wconf 89' lang='lat' dir='ltr'><strong>habitu</strong></span> <span class='ocrx_word' id='word_1_217' title='bbox 821 3449 857 3508; x_wconf 91' lang='lat' dir='ltr'><strong>et</strong></span> <span class='ocrx_word' id='word_1_218' title='bbox 878 3448 1020 3506; x_wconf 86' lang='lat' dir='ltr'><strong>tonsura</strong></span> <span class='ocrx_word' id='word_1_219' title='bbox 1039 3437 1266 3507; x_wconf 82' lang='lat' dir='ltr'><strong>clericallibus</strong></span> <span class='ocrx_word' id='word_1_220' title='bbox 1285 3441 1485 3511; x_wconf 84' lang='lat' dir='ltr'><strong>decentibus</strong></span> <span class='ocrx_word' id='word_1_221' title='bbox 1502 3462 1557 3509; x_wconf 88' lang='lat' dir='ltr'><strong>non</strong></span> 
     </span>
     <span class='ocr_line' id='line_1_27' title="bbox 340 3534 1555 3646; baseline 0.001 -23"><span class='ocrx_word' id='word_1_222' title='bbox 340 3556 557 3637; x_wconf 79' lang='lat' dir='ltr'><strong>incesserint,</strong></span> <span class='ocrx_word' id='word_1_223' title='bbox 576 3578 637 3643; x_wconf 85' lang='lat' dir='ltr'><strong>per</strong></span> <span class='ocrx_word' id='word_1_224' title='bbox 647 3554 801 3643; x_wconf 87' lang='lat' dir='ltr'><strong>judicem</strong></span> <span class='ocrx_word' id='word_1_225' title='bbox 818 3554 1020 3623; x_wconf 76' lang='lat' dir='ltr'><strong>seculiarem</strong></span> <span class='ocrx_word' id='word_1_226' title='bbox 1041 3534 1203 3623; x_wconf 46' lang='lat' dir='ltr'><strong>libere&#39;et</strong></span> <span class='ocrx_word' id='word_1_227' title='bbox 1222 3554 1315 3625; x_wconf 86' lang='lat' dir='ltr'><strong>licite</strong></span> <span class='ocrx_word' id='word_1_228' title='bbox 1330 3558 1420 3646; x_wconf 89' lang='lat' dir='ltr'><strong>capi,</strong></span> <span class='ocrx_word' id='word_1_229' title='bbox 1437 3556 1555 3646; x_wconf 87' lang='lat' dir='ltr'><strong>inquiri,</strong></span> 
     </span>
     <span class='ocr_line' id='line_1_28' title="bbox 274 3668 1552 3759; baseline 0.003 -22"><span class='ocrx_word' id='word_1_230' title='bbox 274 3732 276 3737; x_wconf 89' lang='lat'><em>.</em></span> <span class='ocrx_word' id='word_1_231' title='bbox 336 3671 500 3759; x_wconf 82' lang='lat' dir='ltr'><strong>distringi</strong></span> <span class='ocrx_word' id='word_1_232' title='bbox 516 3682 550 3739; x_wconf 91' lang='lat' dir='ltr'><strong>et</strong></span> <span class='ocrx_word' id='word_1_233' title='bbox 566 3671 680 3757; x_wconf 90' lang='lat' dir='ltr'><strong>puniri</strong></span> <span class='ocrx_word' id='word_1_234' title='bbox 696 3669 839 3758; x_wconf 81' lang='lat' dir='ltr'><strong>possint3</strong></span> <span class='ocrx_word' id='word_1_235' title='bbox 858 3668 1047 3737; x_wconf 88' lang='lat' dir='ltr'><strong>districtius</strong></span> <span class='ocrx_word' id='word_1_236' title='bbox 1060 3668 1258 3739; x_wconf 85' lang='lat' dir='ltr'><strong>inhibentes</strong></span> <span class='ocrx_word' id='word_1_237' title='bbox 1272 3672 1427 3741; x_wconf 87' lang='lat' dir='ltr'><strong>locorum</strong></span> <span class='ocrx_word' id='word_1_238' title='bbox 1437 3673 1552 3741; x_wconf 83' lang='lat' dir='ltr'><strong>ordina·</strong></span> 
     </span>
     <span class='ocr_line' id='line_1_29' title="bbox 334 3785 1555 3875; baseline 0 -20"><span class='ocrx_word' id='word_1_239' title='bbox 334 3786 401 3855; x_wconf 82' lang='lat' dir='ltr'><strong>riis</strong></span> <span class='ocrx_word' id='word_1_240' title='bbox 413 3798 450 3856; x_wconf 87' lang='lat' dir='ltr'><strong>et</strong></span> <span class='ocrx_word' id='word_1_241' title='bbox 466 3786 552 3855; x_wconf 87' lang='lat' dir='ltr'><strong>alliis</strong></span> <span class='ocrx_word' id='word_1_242' title='bbox 569 3787 843 3875; x_wconf 87' lang='lat' dir='ltr'><strong>quibuscumque</strong></span> <span class='ocrx_word' id='word_1_243' title='bbox 864 3785 1021 3872; x_wconf 86' lang='lat' dir='ltr'><strong>personis</strong></span> <span class='ocrx_word' id='word_1_244' title='bbox 1035 3785 1293 3869; x_wconf 84' lang='lat' dir='ltr'><strong>ecclesiasticis,</strong></span> <span class='ocrx_word' id='word_1_245' title='bbox 1311 3811 1356 3859; x_wconf 91' lang='lat' dir='ltr'><strong>ne</strong></span> <span class='ocrx_word' id='word_1_246' title='bbox 1371 3801 1485 3859; x_wconf 80' lang='lat' dir='ltr'><strong>contm</strong></span> <span class='ocrx_word' id='word_1_247' title='bbox 1496 3798 1555 3855; x_wconf 83' lang='lat' dir='ltr'><strong>sta·</strong></span> 
     </span>
     <span class='ocr_line' id='line_1_30' title="bbox 338 3900 1552 3989; baseline -0.001 -18"><span class='ocrx_word' id='word_1_248' title='bbox 338 3914 456 3971; x_wconf 86' lang='lat' dir='ltr'><strong>tutum</strong></span> <span class='ocrx_word' id='word_1_249' title='bbox 471 3913 507 3971; x_wconf 93' lang='lat' dir='ltr'><strong>et</strong></span> <span class='ocrx_word' id='word_1_250' title='bbox 521 3902 771 3975; x_wconf 84' lang='lat' dir='ltr'><strong>ordinationem</strong></span> <span class='ocrx_word' id='word_1_251' title='bbox 788 3900 976 3989; x_wconf 86' lang='lat' dir='ltr'><strong>predictam</strong></span> <span class='ocrx_word' id='word_1_252' title='bbox 997 3901 1124 3988; x_wconf 90' lang='lat' dir='ltr'><strong>quouis</strong></span> <span class='ocrx_word' id='word_1_253' title='bbox 1139 3904 1242 3971; x_wconf 89' lang='lat' dir='ltr'><strong>modo</strong></span> <span class='ocrx_word' id='word_1_254' title='bbox 1263 3903 1395 3975; x_wconf 83' lang='lat' dir='ltr'><strong>directe</strong></span> <span class='ocrx_word' id='word_1_255' title='bbox 1414 3907 1468 3973; x_wconf 85' lang='lat' dir='ltr'><strong>nel</strong></span> <span class='ocrx_word' id='word_1_256' title='bbox 1479 3902 1552 3971; x_wconf 88' lang='lat' dir='ltr'><strong>indi-</strong></span> 
     </span>
     <span class='ocr_line' id='line_1_31' title="bbox 337 4016 1550 4107; baseline 0.002 -21"><span class='ocrx_word' id='word_1_257' title='bbox 337 4029 434 4087; x_wconf 83' lang='lat' dir='ltr'><strong>recte</strong></span> <span class='ocrx_word' id='word_1_258' title='bbox 445 4019 564 4089; x_wconf 83' lang='lat' dir='ltr'><strong>venire</strong></span> <span class='ocrx_word' id='word_1_259' title='bbox 577 4029 788 4107; x_wconf 79' lang='lat' dir='ltr'><strong>presumant3</strong></span> <span class='ocrx_word' id='word_1_260' title='bbox 803 4018 1006 4087; x_wconf 85' lang='lat' dir='ltr'><strong>atendentes</strong></span> <span class='ocrx_word' id='word_1_261' title='bbox 1017 4016 1145 4087; x_wconf 86' lang='lat' dir='ltr'><strong>inanne</strong></span> <span class='ocrx_word' id='word_1_262' title='bbox 1156 4029 1193 4087; x_wconf 89' lang='lat' dir='ltr'><strong>et</strong></span> <span class='ocrx_word' id='word_1_263' title='bbox 1204 4017 1351 4103; x_wconf 87' lang='lat' dir='ltr'><strong>irritum,</strong></span> <span class='ocrx_word' id='word_1_264' title='bbox 1362 4022 1392 4089; x_wconf 88' lang='lat' dir='ltr'><strong>si</strong></span> <span class='ocrx_word' id='word_1_265' title='bbox 1403 4040 1550 4091; x_wconf 77' lang='lat' dir='ltr'><strong>secessu·</strong></span> 
     </span>
     <span class='ocr_line' id='line_1_32' title="bbox 275 4132 1549 4225; baseline 0.003 -24"><span class='ocrx_word' id='word_1_266' title='bbox 275 4164 277 4169; x_wconf 89' lang='lat'><em>·</em></span> <span class='ocrx_word' id='word_1_267' title='bbox 340 4156 402 4221; x_wconf 91' lang='lat' dir='ltr'><strong>per</strong></span> <span class='ocrx_word' id='word_1_268' title='bbox 413 4134 479 4201; x_wconf 91' lang='lat' dir='ltr'><strong>hiis</strong></span> <span class='ocrx_word' id='word_1_269' title='bbox 490 4135 596 4204; x_wconf 84' lang='lat' dir='ltr'><strong>fuerit</strong></span> <span class='ocrx_word' id='word_1_270' title='bbox 612 4146 805 4207; x_wconf 84' lang='lat' dir='ltr'><strong>atentatum</strong></span> <span class='ocrx_word' id='word_1_271' title='bbox 817 4144 884 4203; x_wconf 86' lang='lat' dir='ltr'><strong>etc.</strong></span> <span class='ocrx_word' id='word_1_272' title='bbox 899 4136 945 4201; x_wconf 91' lang='lat' dir='ltr'><strong>Et</strong></span> <span class='ocrx_word' id='word_1_273' title='bbox 955 4132 1018 4219; x_wconf 86' lang='lat' dir='ltr'><strong>sic,</strong></span> <span class='ocrx_word' id='word_1_274' title='bbox 1032 4134 1125 4220; x_wconf 88' lang='lat' dir='ltr'><strong>qnod</strong></span> <span class='ocrx_word' id='word_1_275' title='bbox 1139 4156 1202 4222; x_wconf 90' lang='lat' dir='ltr'><strong>per</strong></span> <span class='ocrx_word' id='word_1_276' title='bbox 1217 4158 1356 4206; x_wconf 86' lang='lat' dir='ltr'><strong>sumum</strong></span> <span class='ocrx_word' id='word_1_277' title='bbox 1367 4138 1549 4225; x_wconf 83' lang='lat' dir='ltr'><strong>pontifficem</strong></span> 
     </span>
     <span class='ocr_line' id='line_1_33' title="bbox 336 4250 1548 4340; baseline 0.002 -22"><span class='ocrx_word' id='word_1_278' title='bbox 336 4250 390 4318; x_wconf 85' lang='lat' dir='ltr'><strong>¹sic</strong></span> <span class='ocrx_word' id='word_1_279' title='bbox 407 4251 631 4340; x_wconf 88' lang='lat' dir='ltr'><strong>especialliter</strong></span> <span class='ocrx_word' id='word_1_280' title='bbox 647 4272 752 4339; x_wconf 86' lang='lat' dir='ltr'><strong>super</strong></span> <span class='ocrx_word' id='word_1_281' title='bbox 778 4250 977 4319; x_wconf 86' lang='lat' dir='ltr'><strong>excessibus</strong></span> <span class='ocrx_word' id='word_1_282' title='bbox 992 4270 1125 4332; x_wconf 88' lang='lat' dir='ltr'><strong>eorum,</strong></span> <span class='ocrx_word' id='word_1_283' title='bbox 1150 4250 1211 4337; x_wconf 88' lang='lat' dir='ltr'><strong>qui</strong></span> <span class='ocrx_word' id='word_1_284' title='bbox 1237 4274 1307 4319; x_wconf 90' lang='lat' dir='ltr'><strong>non</strong></span> <span class='ocrx_word' id='word_1_285' title='bbox 1323 4276 1380 4323; x_wconf 90' lang='lat' dir='ltr'><strong>sse</strong></span> <span class='ocrx_word' id='word_1_286' title='bbox 1400 4254 1548 4321; x_wconf 77' lang='lat' dir='ltr'><strong>desierunt</strong></span> 
     </span>
     <span class='ocr_line' id='line_1_34' title="bbox 338 4364 1545 4454; baseline -0.001 -19"><span class='ocrx_word' id='word_1_287' title='bbox 338 4367 376 4435; x_wconf 93' lang='lat' dir='ltr'><strong>in</strong></span> <span class='ocrx_word' id='word_1_288' title='bbox 391 4368 513 4435; x_wconf 86' lang='lat' dir='ltr'><strong>habitu</strong></span> <span class='ocrx_word' id='word_1_289' title='bbox 528 4379 564 4435; x_wconf 92' lang='lat' dir='ltr'><strong>et</strong></span> <span class='ocrx_word' id='word_1_290' title='bbox 579 4377 723 4434; x_wconf 88' lang='lat' dir='ltr'><strong>tonsura</strong></span> <span class='ocrx_word' id='word_1_291' title='bbox 742 4364 982 4447; x_wconf 88' lang='lat' dir='ltr'><strong>clericallibus,</strong></span> <span class='ocrx_word' id='word_1_292' title='bbox 1000 4365 1046 4433; x_wconf 92' lang='lat' dir='ltr'><strong>sit</strong></span> <span class='ocrx_word' id='word_1_293' title='bbox 1060 4365 1237 4454; x_wconf 89' lang='lat' dir='ltr'><strong>prouisum</strong></span> <span class='ocrx_word' id='word_1_294' title='bbox 1251 4379 1289 4437; x_wconf 89' lang='lat' dir='ltr'><strong>et</strong></span> <span class='ocrx_word' id='word_1_295' title='bbox 1304 4388 1494 4438; x_wconf 81' lang='lat' dir='ltr'><strong>concessum</strong></span> <span class='ocrx_word' id='word_1_296' title='bbox 1502 4364 1545 4449; x_wconf 79' lang='lat' dir='ltr'><strong>J&#39;t·</strong></span> 
     </span>
    </p>
   </div>
   <div class='ocr_carea' id='block_1_8' title="bbox 343 4486 543 4501">
    <p class='ocr_par' dir='ltr' id='par_1_9' title="bbox 343 4486 543 4501">
     <span class='ocr_line' id='line_1_35' title="bbox 343 4486 543 4501; baseline 0 0"><span class='ocrx_word' id='word_1_297' title='bbox 343 4486 543 4501; x_wconf 44' lang='lat' dir='ltr'><strong>——fin</strong></span> 
     </span>
    </p>
   </div>
   <div class='ocr_carea' id='block_1_9' title="bbox 335 4534 1542 4683">
    <p class='ocr_par' dir='ltr' id='par_1_10' title="bbox 335 4534 1542 4683">
     <span class='ocr_line' id='line_1_36' title="bbox 389 4534 1542 4614; baseline -0.001 -25"><span class='ocrx_word' id='word_1_298' title='bbox 389 4537 398 4589; x_wconf 82' lang='lat' dir='ltr'><strong>t</strong></span> <span class='ocrx_word' id='word_1_299' title='bbox 436 4536 581 4609; x_wconf 73' lang='lat' dir='ltr'><strong>Sequitur</strong></span> <span class='ocrx_word' id='word_1_300' title='bbox 594 4536 731 4593; x_wconf 65' lang='lat' dir='ltr'><strong>aarum</strong></span> <span class='ocrx_word' id='word_1_301' title='bbox 744 4535 876 4609; x_wconf 72' lang='lat' dir='ltr'><strong>pagina.</strong></span> <span class='ocrx_word' id='word_1_302' title='bbox 914 4538 966 4582; x_wconf 78' lang='lat' dir='ltr'><strong>-k</strong></span> <span class='ocrx_word' id='word_1_303' title='bbox 985 4535 1104 4591; x_wconf 81' lang='lat' dir='ltr'><strong>Attrita</strong></span> <span class='ocrx_word' id='word_1_304' title='bbox 1116 4542 1160 4593; x_wconf 81' lang='lat' dir='ltr'><strong>ost</strong></span> <span class='ocrx_word' id='word_1_305' title='bbox 1174 4538 1297 4614; x_wconf 66' lang='lat' dir='ltr'><strong>durio.</strong></span> <span class='ocrx_word' id='word_1_306' title='bbox 1337 4534 1542 4595; x_wconf 76' lang='lat' dir='ltr'><strong>-1Artriraat</strong></span> 
     </span>
     <span class='ocr_line' id='line_1_37' title="bbox 335 4624 876 4683; baseline -0.004 -2"><span class='ocrx_word' id='word_1_307' title='bbox 335 4626 458 4682; x_wconf 79' lang='lat' dir='ltr'><strong>charta.</strong></span> <span class='ocrx_word' id='word_1_308' title='bbox 498 4642 554 4671; x_wconf 70' lang='grc' dir='ltr'><strong>-ω</strong></span> <span class='ocrx_word' id='word_1_309' title='bbox 573 4624 691 4683; x_wconf 81' lang='lat' dir='ltr'><strong>Attrita</strong></span> <span class='ocrx_word' id='word_1_310' title='bbox 704 4629 747 4682; x_wconf 86' lang='lat' dir='ltr'><strong>est</strong></span> <span class='ocrx_word' id='word_1_311' title='bbox 759 4624 876 4681; x_wconf 75' lang='lat' dir='ltr'><strong>chorio.</strong></span> 
     </span>
    </p>
   </div>
   <div class='ocr_carea' id='block_1_10' title="bbox 0 0 1754 5367">
    <p class='ocr_par' dir='ltr' id='par_1_11' title="bbox 0 0 1754 5367">
     <span class='ocr_line' id='line_1_38' title="bbox 0 0 1754 5367; baseline 0 5"><span class='ocrx_word' id='word_1_312' title='bbox 0 0 1754 5367; x_wconf 95' lang='lat' dir='ltr'><strong> </strong></span> 
     </span>
    </p>
   </div>
  </div>
 </body>
</html>
