3500 5367
355 436 535 495 Rmnonsro
554 441 588 495 Ρ.
610 439 759 497 Mannum
777 453 820 495 an
840 440 874 499 Ρ.
895 439 1040 525 Lancrcn
1058 453 1246 499 nosruna'm
1330 456 1383 513 5¹7

252 606 308 658 no.
356 592 412 657 Ad
428 593 515 659 bene
532 592 807 659 conuersandum
824 612 903 658 cum
920 591 1085 679 proximis
1099 593 1236 661 dicebat
1252 597 1419 665 vtendum

172 726 258 773 esse
274 714 348 771 arte
364 705 512 774 discreta
527 728 567 773 ac
585 705 755 793 religiosa3
770 718 807 772 vt
823 706 955 775 scilicet
967 707 1064 773 initio
1076 711 1419 779 accommodaremus

174 842 361 893 sermones
373 833 410 889 et
424 822 579 891 actiones
595 823 638 889 ad
654 821 805 909 ipsorum
826 822 1019 909 ingenium,
1038 827 1094 893 vel
1109 826 1154 891 ad
1168 846 1222 905 ea,
1241 847 1329 911 quae
1347 836 1417 893 tra÷

174 947 290 1018 etant,
313 938 451 1023 quando
472 938 516 1005 ad
538 961 599 1007 eos
621 937 830 1019 accedimus,
848 960 889 1005 ac
911 940 1049 1006 tandem
1069 941 1335 1026 perduceremus
1356 965 1417 1011 eos

173 1054 224 1120 ad
242 1076 313 1121 rem
334 1053 434 1121 nobis
461 1052 682 1141 propositam,
713 1053 747 1119 id
768 1064 832 1135 est,
863 1056 907 1119 ad
927 1055 1057 1121 bonum
1084 1055 1219 1125 animae
1239 1066 1274 1125 et
1294 1058 1416 1126 salutis

174 1168 347 1255 ipsorum.
766 1188 768 1195 ’
1087 1198 1099 1227 ο

247 1303 303 1355 21.
353 1287 515 1371 Magnam
543 1306 661 1353 curam
688 1287 839 1355 habebat
865 1287 976 1355 bonae
996 1286 1197 1373 disciplinae
1224 1298 1259 1356 et
1284 1287 1416 1359 ordinis

167 1400 368 1469 constantis
383 1399 586 1467 officiorum.
606 1403 663 1468 Ob
680 1424 755 1471 eam
771 1424 923 1483 causam,
946 1403 1110 1489 quamuis
1128 1402 1414 1490 occupatissimus

166 1516 303 1603 alioqui
320 1528 411 1583 esset
426 1528 462 1584 et
477 1516 674 1585 valetudine
687 1519 775 1584 male
787 1519 922 1600 affecta,
935 1519 1079 1587 volebat
1087 1530 1202 1585 tamen
1214 1517 1411 1586 ministrum

164 1634 300 1699 domus
315 1614 468 1718 quotidie
496 1634 624 1701 referre
640 1635 684 1699 ad
699 1654 736 1701 se
753 1626 917 1718 quicquid
940 1656 983 1701 eo
998 1633 1055 1703 die
1078 1632 1224 1703 alicuius
1246 1636 1410 1702 momenti

167 1747 371 1830 accidisset,
402 1760 437 1814 et
468 1748 502 1815 in
530 1747 620 1814 diem
653 1759 852 1834 sequentem
883 1750 1044 1817 mandata
1070 1749 1237 1836 accipere.
1263 1750 1412 1818 Proinde
1460 1796 1464 1803 -

170 1864 376 1931 oeconomia
403 1876 438 1933 et
461 1864 640 1951 disciplina
667 1866 812 1951 pulchro
833 1886 969 1952 semper
983 1865 1103 1933 ordine
1130 1866 1351 1953 procedebat,
1374 1875 1409 1933 et

166 1980 251 2048 eius
266 1981 424 2067 exemplo
440 2002 523 2047 vsus
538 1991 573 2048 et
586 1981 707 2067 regula
720 1980 847 2067 vbique
862 1981 1025 2065 obtinuit,
1040 1992 1078 2047 vt
1092 1981 1286 2048 ministrum
1298 1992 1411 2050 rector

166 2095 329 2181 quotidie
342 2107 495 2163 accersat
511 2100 556 2163 ad
571 2120 617 2166 se.

240 2230 296 2279 22.
347 2211 614 2299 Magnifaciebat
647 2214 746 2281 valde
781 2202 1108 2282 subordinationem.
1146 2213 1313 2300 Exemplo
1349 2213 1407 2285 sit:

162 2324 262 2395 Cum
276 2330 382 2397 semel
394 2352 437 2397 ex
446 2329 559 2396 officio
570 2330 712 2397 rectoris
723 2351 885 2416 praesens
897 2330 1017 2397 fratres
1030 2339 1168 2395 nostros
1177 2330 1351 2397 studiosos
1363 2330 1408 2396 ad

167 2454 307 2529 portam
325 2444 540 2531 disponerem
550 2466 597 2511 ac
617 2445 849 2511 combinarem
870 2448 907 2527 ¹¹,
926 2457 963 2512 vt
986 2443 1102 2512 debito
1126 2444 1246 2512 ordine
1265 2457 1300 2511 et
1317 2444 1406 2513 serie

160 2559 259 2626 irent
275 2559 319 2625 de
335 2580 430 2625 more
446 2561 490 2625 ad
505 2560 719 2641 concionem,
741 2580 830 2646 quae
846 2560 1038 2629 habebatur
1058 2557 1092 2625 in
1114 2561 1215 2627 domo
1237 2561 1402 2645 professa,

159 2673 308 2761 quidam
327 2678 441 2754 Pater,
462 2676 569 2743 fretus
585 2696 647 2743 sua
664 2674 855 2762 prudentia,
874 2674 1078 2743 auctoritate
1092 2684 1127 2742 et
1144 2678 1185 2741 B.
1206 2674 1318 2741 Patris
1339 2696 1403 2739 no·

163 2790 231 2857 stri
246 2788 262 2829 ¹¹
280 2811 364 2876 erga
380 2812 417 2858 se
434 2770 781 2877 beneuolentia(cum
803 2792 891 2858 forte
907 2790 1066 2876 adesset),
1089 2788 1265 2878 mandauit
1281 2789 1341 2858 vni
1360 2810 1402 2855 ex

158 2904 330 2975 studiosis
344 2904 467 2973 nostris
480 2916 529 2987 vt,
544 2916 726 2991 antequam
743 2906 978 2992 egrederetur,
993 2903 1056 2974 iret
1069 2916 1254 2992 purgatum
1267 2906 1403 2973 calceos

157 3044 259 3091 suos.
277 3024 365 3107 Ego,
380 3021 611 3102 dissimulans,
626 3022 788 3087 mandaui
801 3023 932 3107 absque
944 3042 1038 3088 mora
1050 3032 1087 3086 vt
1103 3042 1223 3088 omnes
1234 3020 1402 3106 procede-

161 3150 254 3209 rent.
276 3138 347 3217 llle,
366 3134 445 3222 quia
466 3136 597 3203 viderat
613 3158 667 3203 me
696 3136 832 3205 audisse
860 3136 1083 3205 monitionem
1110 3156 1209 3202 suam
1237 3134 1332 3202 fratri
1349 3135 1400 3201 sa-

154 3265 269 3335 ctam,
284 3252 400 3319 retulit
417 3251 509 3319 Patri
526 3274 598 3321 rem
616 3262 652 3317 vt
669 3251 850 3319 acciderat.
875 3254 1026 3321 Sanctus
1048 3260 1165 3324 autem
1186 3250 1236 3317 vir
1256 3261 1400 3337 paterne

159 3370 263 3436 illum
283 3367 411 3449 docuit,
435 3369 627 3449 habendam
649 3368 755 3435 fuisse
775 3367 941 3434 rationem
962 3365 1264 3447 subordinationis,
1287 3378 1322 3433 et
1337 3366 1399 3433 de-

159 3484 282 3552 buisse
298 3483 409 3551 sinere
421 3505 513 3564 eum,
527 3482 586 3569 qui
600 3470 754 3569 praeerat
766 3483 925 3569 collegio,
939 3482 1045 3551 libere
1058 3494 1231 3569 praestare
1247 3480 1397 3577 officium

161 3622 283 3669 suurn.

232 3734 288 3799 23.
337 3716 415 3781 Non
434 3714 563 3783 serebat
583 3714 685 3783 etiam
707 3714 892 3800 quicquam
913 3714 957 3783 de
976 3691 1069 3781 nouo
1090 3714 1206 3781 induci
1227 3713 1262 3780 in
1283 3734 1396 3793 vsum,

155 3829 324 3916 quamuis
344 3831 472 3897 bonum
494 3842 597 3912 esset,
616 3832 745 3917 absque
767 3852 841 3913 suo,
860 3830 915 3896 vel
936 3828 1022 3910 eius,
1041 3828 1100 3914 qui
1120 3841 1287 3915 praeerat,
1311 3850 1389 3895 con·

156 3968 280 4013 sensu:
300 3948 392 4012 hunc
408 3957 600 4032 respectum
617 3944 776 4014 videlicet
792 3933 988 4013 habendum
1005 3946 1170 4013 censebat
1190 3966 1274 4030 erga
1290 3965 1397 4030 supe·

159 4061 301 4129 riorem.
323 4063 425 4153 Pater
442 4060 610 4127 Martinus
627 4060 785 4142 Olauius,
803 4061 855 4126 vir
872 4059 1002 4147 grauis,
1020 4060 1097 4147 pius
1108 4071 1143 4127 et
1163 4059 1393 4138 doctissimus,

159 4176 283 4262 illique
295 4175 509 4263 gratissimus
522 4176 540 4259 ⁵,
554 4176 928 4264 licetsuperintendens
940 4186 1032 4244 esset
1043 4174 1192 4262 collegii,
1206 4174 1286 4261 quia
1300 4197 1396 4262 prae·

160 4290 377 4303 .....—-.———

214 4340 228 4381 h
261 4336 352 4393 Deest
363 4338 416 4393 hoc
428 4338 563 4393 verbum.
601 4338 645 4379 -ῐ
664 4338 728 4391 Pro
742 4344 772 4393 et
784 4335 983 4406 doctissimus,
998 4334 1100 4407 illique
1112 4333 1311 4406 gratissimus,
1323 4336 1396 4390 scri·
1490 4366 1494 4371 .

117 4498 121 4509 .
153 4428 245 4483 bunt·
259 4436 291 4481 et
304 4424 432 4498 prudens
445 4435 476 4482 et
489 4425 678 4484 doctissimus
691 4427 795 4500 virque
808 4425 852 4481 illi
864 4425 1047 4480 carissimus.

212 4572 234 4606 ¹¹
273 4568 398 4625 Romani
423 4570 543 4641 collegii
567 4578 664 4626 rector
693 4578 756 4625 erat
787 4568 913 4643 ipsemet
942 4569 1112 4639 Mamercus,
1138 4566 1226 4639 hujus
1251 4566 1396 4638 epistolae

156 4670 276 4717 auctor.
