3500 5367
364 431 368 443 ·
405 420 592 479 Paocnssus
611 432 740 476 consus
759 420 915 477 Mnrnmn
934 431 977 474 na
994 418 1026 474 S.
1047 418 1209 476 Cassiano
1333 416 1387 472 663

256 577 385 642 Datum
403 576 531 640 Romae
547 574 603 642 die
619 573 735 662 7Julii
755 574 853 656 1546.

256 692 314 755 Fr.
334 691 557 776 guberuator.
576 689 768 775 Philippus,
782 688 931 769 vicarius
947 700 972 753 Β.

781 854 832 935 62

203 972 206 976 ⁸
274 985 385 1052 ALIA
403 985 729 1053 DENUNTlATlO
747 986 891 1051 EIDEM
914 984 1133 1051 MATHIAE
1149 983 1307 1050 FACTA
1330 985 1336 1016 ¹

257 1128 361 1196 Dicto
374 1127 502 1195 Mathia
518 1150 587 1194 non
604 1130 833 1214 respondente
846 1149 911 1194 nee
923 1138 1142 1214 comparente
1155 1127 1197 1192 ad
1211 1136 1373 1193 contenta
1387 1124 1420 1190 in

187 1245 362 1312 antedicto
376 1243 569 1323 monitorio,
583 1243 649 1309 fuit
660 1243 726 1310 sibi
739 1246 829 1310 facta
842 1242 960 1308 citatio
976 1241 1040 1308 alia
1059 1241 1186 1308 tenoris
1202 1241 1377 1326 sequentis
1393 1253 1418 1306 Β.

256 1389 384 1454 Coram
402 1387 508 1454 Rmis.
525 1382 674 1452 'dominis
690 1388 923 1473 gubernatore
938 1396 973 1452 et
989 1383 1118 1450 vicario
1134 1383 1249 1452 Urbis.

255 1503 390 1569 Citetur
402 1505 514 1568 Dnus
526 1503 675 1569 Mathias
687 1503 776 1568 dalle
790 1502 892 1567 Poste
905 1502 948 1567 ad
959 1499 1147 1566 uidendum
1161 1498 1301 1564 arbitrio
1313 1499 1419 1565 dIcto·

188 1642 264 1684 rum
277 1619 492 1685 dominorum
506 1617 580 1686 fieri
593 1615 846 1704 quamcumque
859 1616 1122 1683 declarationem
1140 1613 1153 1654 b
1165 1613 1420 1700 pronuntiatio-

187 1757 280 1815 nem,
298 1755 360 1800 seu
377 1733 582 1802 sententiam
598 1731 853 1813 declaratiuam,
869 1754 971 1818 super
988 1731 1160 1797 contentis
1176 1729 1211 1795 in
1227 1729 1419 1796 monitoriis

186 1873 249 1916 seu
265 1849 435 1916 mandatis
450 1845 569 1916 contra
585 1849 697 1935 ipsum
710 1848 809 1916 factis
824 1870 867 1915 ex
883 1847 995 1914 officio
1011 1857 1045 1913 et
1062 1847 1272 1932 alias,.provt
1289 1845 1417 1911 eisdem

187 1964 374 2045 uidebitur,
392 1965 494 2032 etiam
516 1966 728 2050 superbona
749 1966 839 2030 fama
861 1975 896 2031 et
916 1966 1009 2029 bona
1030 1960 1245 2048 reputatione
1266 1959 1418 2046 praesbi÷

187 2093 340 2148 terorum
365 2080 549 2150 Societatis
564 2084 648 2169 Jesu
672 2081 716 2147 de
740 2081 846 2161 Urbe,
872 2090 994 2145 contra
1015 2075 1250 2162 quos·dicitur
1274 2076 1419 2142 iactasse

186 2199 287 2281 plura
298 2196 538 2277 diffamatoria,
548 2209 582 2262 et
593 2217 697 2281 super
708 2194 1001 2261 diffamationibus
1014 2193 1202 2279 praetensis
1214 2203 1249 2260 et
1260 2191 1418 2276 iactatio-

186 2311 290 2378 nibus
310 2323 430 2379 contra
451 2312 588 2380 eosdem
605 2310 832 2397 praesbiteros
848 2320 915 2376 etc.
1201 2395 1205 2402 Ι

253 2429 341 2494 Cras
356 2429 441 2494 hora
457 2428 745 2513 campanellarum
761 2428 805 2495 de
822 2448 933 2504 mane,
952 2425 987 2490 in
1006 2424 1073 2491 uirn
1087 2422 1347 2502 commissionis,
1365 2421 1417 2486 ui-

186 2565 251 2610 uae
268 2542 364 2609 uocis
388 2544 526 2610 oraculo
548 2565 568 2609 a
589 2544 711 2611 SSmo.
734 2541 873 2607 domino
894 2551 1011 2607 nostro
1033 2539 1082 2606 eis
1103 2542 1228 2619 factae,
1254 2558 1294 2604 ac
1315 2538 1416 2606 etiam

183 2681 227 2725 ex
245 2681 363 2725 eorum
380 2658 493 2725 officio
508 2671 543 2725 et
559 2658 646 2738 aliis,
661 2657 754 2724 omni
771 2656 901 2725 meliori
917 2657 1019 2722 modo
1035 2667 1101 2722 etc.

775 2831 825 2911 63

420 2960 683 3032 sennarum
708 2962 904 3029 conum
928 2940 1181 3026 utrumn

163 3159 169 3167 ·
254 3127 381 3191 Eodem
395 3124 526 3193 Mathia
541 3123 643 3192 etiam
658 3145 726 3190 non
739 3133 959 3209 comparente
976 3142 1089 3206 neque
1105 3142 1165 3205 per
1177 3139 1215 3185 se
1228 3138 1340 3202 neque
1357 3138 1416 3202 per

235 3348 250 3384 s
286 3331 323 3385 In
342 3330 440 3386 allero
452 3330 588 3401 exemplo
607 3330 693 3383 Rom.
707 3329 779 3384 haec
791 3329 963 3383 adduntur:
977 3327 1105 3381 Demum
1225 3323 1274 3378 die
1293 3335 1325 3390 14
1344 3321 1416 3393 Julii

184 3418 254 3487 1546
268 3419 376 3474 emissa
394 3419 450 3474 sibi
468 3418 552 3490 copia
572 3417 737 3489 praesentis
755 3416 885 3470 mandati
898 3432 950 3487 per
970 3431 1018 3469 me
1035 3415 1177 3468 'rhomam
1196 3413 1295 3482 Roger
1312 3411 1414 3467 Curae.

179 3511 264 3579 —Jo.
284 3509 395 3563 Domis.
411 3525 495 3580 spao.
540 3524 587 3550 -α
608 3507 810 3562 Desideratur
822 3508 894 3561 haec
904 3505 1050 3576 periodus
1063 3505 1096 3558 in
1115 3504 1222 3557 «ulter.
1237 3503 1343 3556 Rom.»
1382 3531 1416 3574 ·,·

181 3599 196 3639 b
215 3597 431 3653 declarationes
443 3615 499 3651 ms.

237 3765 243 3790 ¹
283 3761 328 3813 Ex
345 3760 514 3830 apographo
530 3755 561 3813 in
581 3755 653 3814 (kd.
673 3758 761 3812 Rom.
781 3756 823 3819 Il,
842 3773 872 3810 n.
891 3755 1003 3809 XXXII
1027 3755 1084 3824 (5.⁰
1101 3756 1188 3823 loco).
1209 3751 1300 3808 Aliud
1317 3759 1416 3806 exstat

182 3850 380 3920 apographum
394 3849 425 3902 in
438 3847 542 3902 eodem
560 3845 672 3918 codice,
688 3864 717 3902 n.
737 3847 830 3914 XXX;
850 3853 881 3900 et
899 3843 979 3914 aliud
994 3845 1024 3900 in
1041 3843 1114 3899 Cod.
1133 3843 1275 3899 Mechlin.
1290 3841 1315 3906 I,
1331 3859 1363 3895 n.
1382 3854 1416 3909 24

183 3940 237 4006 (5·⁰
250 3942 336 4005 ¹00⁰l·
1512 3927 1519 3939 ’

239 4028 244 4058 ¹
284 4026 329 4080 Ex
351 4024 487 4096 originali
509 4025 539 4080 in
554 4023 626 4080 coa.
642 4025 729 4079 Rom.
750 4023 791 4088 II,
815 4041 844 4082 n.
863 4023 944 4092 XXI,
959 4023 1047 4079 unico
1068 4020 1148 4080 folio:
1168 4020 1416 4092 subscriptionem

183 4116 273 4169 habet
286 4111 507 4186 autographam,
521 4114 574 4170 sed
587 4123 668 4169 caret
681 4114 788 4184 sigillo.
803 4114 837 4168 In
850 4113 955 4167 eodem
975 4111 1087 4183 codice,
1102 4129 1131 4167 n.
1146 4111 1212 4180 XX,
1227 4109 1306 4164 aliud
1319 4118 1417 4167 exstat

182 4203 326 4275 originale
340 4203 528 4276 praecedenti
541 4203 648 4276 simile,
663 4213 694 4260 et
706 4203 763 4258 sub
775 4221 824 4259 nn.
840 4203 936 4275 XXII,
950 4201 1073 4273 XXVII,
1089 4201 1187 4254 XXXI
1201 4209 1230 4254 et
1244 4199 1356 4252 XXXII
1368 4200 1416 4254 ha·

182 4295 292 4349 bentur
303 4301 429 4365 quatuor
441 4293 574 4364 ejusdem
588 4292 771 4348 monumenti
784 4294 931 4364 exempla.
947 4292 1036 4346 Porro
1056 4289 1128 4346 Cod.
1143 4289 1283 4347 Mechlin.
1299 4288 1324 4352 I,
1338 4307 1367 4344 n.
1382 4303 1417 4358 24

183 4385 240 4438 sub
251 4383 353 4450 finem,
366 4382 446 4439 idem
458 4384 627 4454 exemplum
640 4383 773 4438 exhibet.
784 4381 901 4436 Priores
914 4398 1029 4452 versus,
1041 4380 1092 4454 qui
1102 4378 1280 4434 sententiam
1294 4395 1418 4448 praece·

182 4471 269 4534 dunt.
282 4489 319 4527 ex
333 4473 501 4544 apographo
513 4473 604 4527 citato
613 4471 702 4536 (Cod.
718 4473 805 4529 Rom.
821 4473 863 4536 II,
877 4490 906 4526 n.
922 4469 1045 4540 XXXII)
1057 4469 1262 4526 desumuntur.

236 4562 322 4616 Hanc
334 4561 513 4617 sententiam
527 4560 683 4617 ediderunt
693 4560 876 4617 Bollandiani
890 4561 994 4616 Patres
1007 4559 1037 4615 in
1050 4576 1097 4632 op.
1111 4559 1176 4630 cit.,
1192 4557 1418 4613 Commentario

182 4653 321 4723 praevio,
334 4668 388 4707 nn.
407 4649 585 4722 [397]-400.
