3500 5367
359 436 414 504 694
739 433 947 489 mononem
967 433 1146 513 lanimem

324 587 380 654 del
395 585 514 672 spirito
529 607 591 672 per
606 585 639 651 la
655 584 711 651 uia
726 585 829 652 cheli
845 586 966 652 humili
981 597 1015 655 et
1026 586 1204 684 obedienti
1225 585 1377 674 religiosi
1397 585 1538 672 sogliono

327 713 444 773 tenere
460 701 517 769 nel
530 699 652 767 diuino
668 700 833 788 seruigio.

328 856 332 863 ·
393 818 437 884 Et
452 815 487 882 in
503 815 699 884 testimonio
714 815 749 882 di
769 829 890 902 questa
912 817 993 908 mia,
1001 819 1207 888 resolutione
1231 823 1277 885 ho
1304 816 1494 886 sottoscrito
1511 817 1541 882 la

326 943 497 1019 presente,
515 932 606 998 nella
622 953 703 999 casa
717 932 754 998 di
768 944 887 1000 nostra
902 934 1002 1000 solita
1019 935 1208 1014 residema,
1226 935 1336 1020 hoggi
1354 953 1391 1018 31
1409 932 1441 998 di
1453 936 1541 1017 Mag-

328 1049 387 1134 ei0
408 1065 505 1132 1554·

395 1166 438 1232 R.
456 1163 563 1231 Car.lis
578 1166 623 1233 de
639 1166 755 1250 Carpo
772 1176 918 1251 protect.

395 1280 564 1346 Servatur
579 1281 757 1368 integrum
770 1283 940 1370 sigillum.

922 1483 971 1562 73
1282 1549 1285 1554 ,

467 1611 794 1717 TESTIMQNIUM
827 1613 1113 1682 CARDINALIS
1142 1613 1425 1681 CARPENSlS¹

331 1768 510 1825 Cbrdimlis
524 1769 697 1843 Carpensie
711 1789 747 1827 cx
759 1773 902 1846 delegata
914 1773 972 1828 sibi
984 1791 1004 1828 o
1012 1773 1154 1846 pontifice
1163 1777 1321 1846 potestate,
1331 1769 1480 1845 significat
1491 1767 1547 1841 offi-

311 1885 317 1897 =
380 1859 508 1914 cialibus
519 1876 625 1915 sacrae
634 1860 893 1932 poenitentemne
904 1882 941 1919 ne
955 1865 988 1918 in
998 1867 1154 1934 posterum
1167 1863 1329 1935 expediant
1345 1861 1546 1931 exemptionem

384 1949 440 2002 aut
447 1949 652 2022 privilegium
661 1954 722 2022 pro
734 1951 838 2022 aliquo
851 1952 994 2026 religioso
1009 1953 1167 2008 Societatis
1173 1952 1259 2024 Jesu.

399 2095 484 2173 Nos,
499 2094 703 2180 Rodvlphvs
720 2094 814 2178 Pivs,
828 2095 1009 2163 cardinalis
1020 2097 1063 2164 de
1076 2097 1201 2182 Carpo,
1217 2095 1399 2181 episcopus
1411 2093 1549 2159 tuscula-

335 2230 412 2294 nus
431 2209 534 2276 fidem
551 2209 694 2305 facimus
709 2223 809 2296 prout
825 2211 925 2278 nobis
941 2212 1045 2281 hodie
1062 2235 1080 2278 a
1102 2215 1180 2282 ΞΝ
1194 2215 1240 2280 D.
1261 2213 1304 2277 N.
1324 2213 1368 2277 D.
1388 2209 1487 2298 Julio,
1503 2207 1548 2272 di-

336 2325 416 2391 uina
432 2324 648 2410 prouidentia
662 2347 751 2413 papa
770 2326 848 2412 iij.⁰,
869 2329 970 2395 uiuae
999 2328 1094 2396 uocis
1110 2329 1272 2406 oraculo‚-
1287 2327 1320 2391 in
1349 2321 1547 2400 consistorio,

335 2439 434 2506 nobis
450 2441 553 2520 lacto,
571 2441 790 2508 commissum
810 2443 886 2524 suit,
905 2445 997 2530 quod
1013 2445 1056 2511 de
1073 2455 1187 2513 mente
1202 2440 1365 2530 praedicti
1389 2437 1550 2507 sanctissi-

337 2555 382 2620 mi
398 2567 463 2636 est,
481 2556 609 2624 nullam
625 2555 797 2625 licentiam
813 2559 962 2628 ducendi
984 2561 1089 2626 uitam
1111 2557 1354 2636 heremiticam,
1379 2577 1443 2624 nec
1464 2553 1550 2621 aliam

336 2672 586 2758 exemptionem
603 2683 664 2739 aut
679 2672 898 2760 priuilegium
916 2697 977 2761 pro
988 2674 1103 2760 aliquo
1115 2673 1276 2760 religioso
1287 2670 1470 2741 Societatis
1480 2673 1551 2758 Jesu

338 2809 397 2872 per
414 2787 505 2853 uiam
520 2809 637 2855 sacrae
653 2789 923 2874 penitentiariae,
942 2789 1040 2857 nobis
1061 2789 1275 2869 inconsultis²
1298 2788 1356 2874 qui
1381 2785 1546 2873 protectio-

338 2924 416 2971 nem
444 2902 597 2970 eiusdem
625 2903 805 2973 Societatis
833 2907 1012 2986 habemus
1031 2903 1194 2992 expediri.
1225 2906 1344 2989 ltaque
1356 2917 1411 2970 'ne
1434 2900 1551 2968 accidat
1604 2983 1612 3012 1

338 3018 468 3103 aliquas
489 3019 684 3104 hujusmodi
706 3019 838 3088 litteras
857 3032 978 3088 contra
994 3021 1217 3089 intentionem
1234 3019 1343 3088 SSmi.
1361 3017 1441 3084 Dni.
1460 3010 1552 3082 nostri

338 3133 497 3215 obtineri,
511 3135 669 3203 omnibus
681 3135 883 3204 officialibus
895 3139 1088 3223 praedictae
1103 3157 1222 3204 sacrae
1235 3131 1509 3222 poenitentiarioe
1519 3149 1553 3195 ex

340 3261 437 3336 parte
452 3250 605 3318 eiusdem
618 3251 743 3332 SSmi.,
759 3273 803 3319 ne
814 3252 897 3337 quid
911 3254 976 3320 tale
989 3252 1185 3338 expediant,
1198 3252 1254 3318 uel
1266 3249 1417 3336 expediri
1429 3244 1554 3334 permit·

341 3378 427 3447 tant,
446 3367 694 3454 significamus.

408 3484 446 3549 ln
461 3482 562 3550 euius
585 3484 687 3552 fidem
711 3495 909 3569 praesentes
926 3484 1068 3564 litteras,
1089 3503 1190 3550 manu
1207 3493 1324 3548 nostra
1348 3476 1555 3563 subscriptas

342 3609 377 3664 et
393 3609 510 3665 nostro
526 3599 626 3666 solito
642 3599 755 3686 sigillo
776 3599 936 3679 munitas,
955 3599 1124 3668 dedimus.
1142 3599 1281 3688 Romae,
1301 3595 1336 3662 in
1352 3595 1490 3661 aedibus
1506 3609 1557 3657 no-

343 3725 434 3782 strae
450 3713 571 3783 solitae
587 3715 802 3796 residentiae,
820 3715 877 3782 die
893 3715 950 3782 xvi
967 3714 1130 3784 Octobris
1147 3718 1194 3782 M.
1214 3715 1258 3781 D.
1279 3711 1368 3798 Liiij.

1024 3833 1064 3898 R.
1084 3828 1194 3898 Car.lit
1210 3831 1254 3896 de
1270 3826 1409 3916 Carpo.⁸

412 3947 532 4012 Manet
547 3949 717 4034 sigillum,

399 4118 407 4149 ¹
446 4119 490 4172 Ex
501 4118 672 4189 archetypo,
688 4117 718 4173 in
731 4117 872 4174 fasciculo
887 4115 988 4172 Causa
1002 4107 1038 4176 P.
1053 4115 1187 4172 Simonis
1200 4115 1381 4189 Radrignas‚
1390 4099 1497 4184 duplici
1508 4107 1559 4171 lol..

345 4208 441 4262 altero
453 4223 538 4278 puro.
