3500 5367
363 510 534 565 Facutalis
553 509 688 566 IGNATto
707 521 873 566 CONCESSA
889 522 1108 567 enasorcnnor
1126 525 1199 567 nae.
1309 521 1362 582 547

137 662 278 749 ¹legere
294 673 329 730 et
344 662 573 749 interpretari,
596 684 731 732 necnon
753 664 904 730 omnium
927 674 961 732 et
979 664 1193 751 singulorum
1215 664 1398 751 utriusque

150 800 266 845 sexus
289 778 368 865 Xpi.
395 778 560 860 fidelium,
583 778 673 845 intra
692 776 816 846 limites
837 779 1020 866 legationis
1040 792 1178 848 nostrae
1199 780 1397 847 huiusmodi

154 892 377 981 degentium,
393 895 435 961 ad
449 905 482 963 te
496 894 744 961 recurrentium
758 894 996 962 consessiones
1007 895 1137 976 audire,
1149 907 1195 975 et,
1210 896 1276 962 illis
1290 908 1397 981 perte

153 1010 347 1097 diligenter
358 1009 497 1089 auditis,
513 1010 604 1096 ipsos
618 1018 652 1077 et
664 1032 783 1077 eorum
797 1010 983 1095 quemlibet
995 1012 1040 1078 ab
1053 1012 1214 1079 omnibus
1227 1022 1261 1080 et
1274 1010 1399 1099 singu-

151 1126 202 1194 'tis
218 1147 339 1193 eorum
360 1126 522 1213 peccatiS,
534 1124 751 1206 criminibus,
770 1126 970 1195 excessibus
993 1138 1028 1193 et
1051 1127 1186 1195 delictis
1209 1138 1397 1213 quantum-

150 1264 312 1327 cumque
328 1241 494 1328 grauibus
510 1252 546 1308 et
561 1242 771 1323 enormibus,
790 1242 825 1307 in
842 1241 968 1326 quibus
984 1241 1213 1329 patriarchae,
1229 1241 1397 1329 archiepi-

151 1358 272 1443 scopi,
286 1356 437 1444 episcopi
453 1367 488 1426 et
500 1356 556 1423 alii
568 1358 722 1423 locorum
739 1356 904 1424 ordinarii
919 1358 963 1424 de
974 1359 1054 1443 jure
1071 1359 1126 1426 uel
1148 1358 1399 1428 consuetudine

151 1484 224 1540 aut
235 1472 322 1540 alias
333 1474 513 1541 absoluere
521 1470 665 1559 possint,
676 1472 811 1557 quoties
819 1483 1028 1559 oportunum
1043 1474 1156 1554 fuerit,
1167 1495 1229 1560 per
1240 1485 1274 1541 te
1284 1474 1398 1561 ipsum

113 1630 115 1633 -
151 1589 357 1669 absoluere,
372 1598 406 1655 et
418 1588 468 1654 eis
481 1610 542 1674 pro
554 1586 747 1674 praemissis
762 1588 985 1674 penitentiam
1002 1589 1186 1657 salutarem
1202 1590 1397 1677 iniungere,

159 1702 448 1790 patriarcharum,
467 1700 816 1789 archiepiscoporum,
836 1702 1071 1791 episcoporum
1089 1716 1125 1773 et
1140 1704 1283 1771 aliorum
1305 1704 1400 1771 ordi-

159 1818 340 1885 nariorum
352 1820 505 1885 locorum
517 1817 655 1885 licentia
668 1841 729 1903 per
745 1829 778 1885 te
790 1818 886 1905 prius
901 1818 1077 1903 requisita,
1093 1820 1173 1888 licet
1188 1842 1259 1887 non
1276 1821 1399 1887 obten-

160 1946 211 2015 ta,
231 1934 339 2002 libere
354 1946 389 2001 et
405 1934 496 2002 licite
514 1936 630 2002 ualeas
646 1945 766 2003 tenore
780 1934 1013 2021 praesentium
1029 1935 1263 2023 indulgemus

233 2052 314 2118 Non
330 2049 547 2117 obstantibus
563 2050 743 2135 quibusuis
759 2049 969 2136 apostolicis
983 2050 1071 2116 acin
1084 2050 1347 2137 prouintialibus
1365 2061 1400 2119 et
1417 2080 1423 2086 ·

159 2165 392 2253 synodalibus
407 2165 562 2233 conciliis
577 2165 678 2233 editis
693 2165 914 2251 generalibus
931 2168 986 2234 uel
1007 2166 1208 2252 spetialibus
1228 2165 1401 2233 constitu·
1508 2190 1511 2193 ⁴

162 2281 331 2361 tionibus,
350 2292 384 2347 et
400 2280 683 2363 ordinationibus
701 2280 894 2366 ceterisque
910 2281 1088 2380 contrariis
1109 2282 1398 2367 quibuscumque.

234 2400 364 2464 Datum
377 2396 532 2465 Uenetiis
544 2418 634 2463 anno
647 2395 891 2464 incarnationis
901 2397 1103 2464 Dominicae
1114 2396 1399 2481 millesimoquin·

158 2513 361 2601 gentesimo
378 2513 553 2599 trigesimo
569 2512 726 2599 septimo,
744 2511 800 2579 die
821 2512 941 2598 quinta
962 2511 1051 2601 Julii,
1075 2513 1295 2599 pontificatus
1316 2530 1400 2579 san-

157 2628 311 2697 ctissimi
332 2628 366 2693 in
389 2631 479 2714 Xpo.
510 2628 621 2695 Patris
644 2640 679 2695 et
694 2627 824 2694 domini
851 2628 971 2708 nostri,
1001 2628 1130 2695 domini
1152 2628 1264 2707 Pauli,
1283 2628 1401 2695 diuina

156 2744 385 2831 prouidentia
401 2766 511 2830 papae
528 2744 630 2824 tertii,
649 2765 741 2809 anno
756 2744 869 2813 tertio.

235 2860 471 2946 Hieronymus
487 2861 647 2928 Verallus
662 2860 811 2945 legatus

817 2978 845 3043 L
863 2983 902 3061 Ψ
922 2977 947 3045 S

234 3092 354 3161 Gratis
372 3113 432 3177 pro
448 3094 524 3159 Deo

269 3292 274 3310 ι
974 3208 1162 3292 Xpoforus
1178 3208 1353 3274 Fournau.

235 3326 357 3413 infra.
378 3323 480 3391 Visae
497 3344 557 3409 per
574 3345 627 3389 me
644 3322 895 3409 Hieronymum
914 3322 1086 3402 Ziliolum,

161 3440 251 3508 iuris
270 3439 449 3524 utriusque
469 3440 657 3518 doctorem,
687 3438 890 3504 canonicum
918 3437 1089 3507 vincenti-

162 3578 263 3637 num,
280 3555 366 3624 etin
383 3554 583 3641 episcopatu
603 3553 801 3620 vincentino
817 3565 830 3593 ⁰
847 3554 1085 3633 substitutum,

157 3673 224 3740 die
242 3673 290 3739 Vl
306 3669 520 3757 Septembris
540 3668 837 3737 bexxvt10d.

234 3790 279 3853 ln
307 3787 419 3871 dorso,
446 3808 555 3852 manu
583 3787 694 3851 sancti
722 3786 870 3872 Ignatii.
901 3783 1056 3852 Licentia
1082 3784 1126 3850 de
1150 3783 1298 3851 Venetia
1323 3804 1405 3869 para

164 3902 299 3989 Ynigo.

235 4019 320 4084 Atia
332 4038 452 4083 niano.
468 4016 671 4102 Hieronymi
684 4016 823 4097 Veralli,
835 4015 940 4102 legati
953 4017 1047 4101 apud
1058 4026 1203 4082 venetos
1217 4015 1405 4101 apostolici,

164 4136 319 4212 litterae,
335 4132 460 4219 quibus
475 4131 717 4218 amplissimam
734 4134 793 4199 dat
810 4134 846 4201 S.
867 4132 1002 4217 Ignatio
1016 4131 1212 4197 facultatem
1226 4129 1293 4222 [ad]
1310 4151 1406 4198 sacra

164 4249 360 4317 ministeria
376 4249 578 4317 exercenda.

237 4369 283 4433 Et
299 4367 382 4431 aaa.
404 4367 446 4431 C.
467 4380 497 4449 5.
522 4365 527 4453 ι
548 4370 569 4431 o
589 4365 594 4451 ι
615 4366 659 4431 Α.
680 4366 705 4429 1.

222 4571 236 4601 c
251 4554 392 4611 vicarium
404 4554 524 4609 addunt
538 4553 656 4608 «Bollm
711 4556 761 4596 -d
783 4554 854 4607 Post
866 4554 938 4607 haec
950 4552 1069 4606 addunt
1082 4552 1213 4606 «Boline
1235 4550 1335 4607 Gratis
1355 4567 1408 4622 pro

165 4650 244 4703 Deo.
258 4644 486 4715 Christophorus
500 4644 646 4713 Fournau,
660 4662 737 4715 qnae
750 4643 842 4699 verta
856 4643 970 4697 arebat.
989 4646 1127 4696 nostrum
1147 4644 1234 4712 ponit
1256 4642 1408 4713 superius,

162 4738 221 4793 sed
234 4734 353 4793 «Bolia
364 4733 652 4805 praetermiserunt.
665 4734 703 4787 Et
716 4735 764 4789 ltic
773 4730 886 4789 desinit
898 4733 1046 4803 scriptum
1062 4730 1181 4785 nBoll.»
