3500 5367
451 466 503 529 514
829 460 1037 515 Moeranum
1055 460 1256 516 inunmera-
1334 458 1339 466 ’

413 612 524 680 lituris
541 624 600 680 aut
617 612 707 679 vitiis
722 634 781 679 eas
800 634 995 699 aspergam,
1012 613 1067 679 vel
1083 611 1289 682 inconcinne
1308 615 1577 704 incongruenterque

412 730 542 816 aliquid
563 730 722 797 inseram.
748 731 883 796 Harum
903 727 1079 796 literarum
1098 732 1294 817 exemplum
1312 730 1385 798 vidi
1405 732 1440 799 in
1458 730 1577 817 quolibeP

410 844 527 915 libello
544 848 586 916 P.
615 844 789 912 Francisci
815 843 936 911 Palmii
958 845 1273 919 bonaememoriae
1303 846 1338 912 in
1364 848 1495 935 collegio
1508 848 1576 911 bono·

411 960 533 1043 niensi,
552 961 588 1029 in
605 983 673 1047 quo
688 960 803 1028 libello
822 960 952 1046 aliquot
967 961 1086 1029 literae
1103 964 1144 1030 B.
1165 962 1277 1030 Patris
1291 963 1398 1031 nostri
1419 964 1551 1030 extabant

484 1096 535 1161 13.
584 1076 865 1163 Resignationem
881 1076 985 1145 animi
1002 1087 1038 1146 et
1052 1076 1329 1163 indifferentiam,
1351 1092 1390 1145 vt
1403 1080 1472 1166 ipse
1482 1078 1578 1145 babebat

412 1194 580 1260 aduersus
600 1195 725 1272 Deum,
748 1192 796 1259 ita
817 1192 851 1259 in
871 1180 1068 1261 hominibus
1088 1194 1271 1262 Societatis
1289 1195 1434 1264 similem
1457 1195 1579 1281 exoptabat

409 1330 494 1396 erga
522 1308 728 1395 superiores;
759 1309 850 1395 quod
877 1309 1029 1376 intellexi
1045 1330 1088 1376 ex
1104 1310 1219 1392 variis;
1241 1321 1341 1378 etex
1357 1334 1427 1377 uno
1448 1312 1516 1378 facto
1530 1329 1579 1375 nto

410 1425 561 1511 cognoui
577 1434 708 1519 postea,
727 1428 768 1494 P.
792 1421 984 1492 Sebastiani
1000 1424 1140 1493 Romaei
1157 1426 1333 1507 relatione,
1355 1424 1505 1513 placuisse
1515 1422 1578 1489 nini·

409 1564 487 1609 rum
503 1543 604 1610 beato
625 1541 731 1609 Patri:
750 1542 855 1628 quod,
880 1541 991 1607 curnb
1013 1564 1069 1609 me
1084 1554 1241 1611 vocasset
1260 1543 1306 1609 ad
1321 1564 1360 1609 se
1379 1555 1578 1625 arm01553,et

411 1656 491 1725 mihi
508 1669 714 1745 proponeret
736 1656 800 1724 tria
826 1657 914 1738 loca,
944 1658 986 1723 ad
1015 1678 1162 1742 quorum
1189 1658 1337 1745 aliquem
1358 1659 1532 1747 designabat
1544 1676 1577 1719 ne

410 1773 558 1855 mittere,
576 1784 710 1860 optaret
721 1786 849 1853 autem,
868 1784 906 1838 vt
921 1772 1046 1855 aiebat,
1060 1795 1098 1840 se
1114 1772 1209 1859 prius
1220 1794 1431 1860 cognoscere
1442 1769 1578 1861 propulsio·

410 1912 488 1958 nem
506 1911 628 1971 meam,
648 1900 869 1974 moneretque
889 1888 1033 1975 proinde
1054 1902 1091 1955 vt
1111 1888 1218 1957 libere
1237 1892 1395 1959 efferrem
1415 1890 1487 1976 quid
1501 1898 1578 1969 etquo

408 2027 463 2074 me
478 2003 606 2092 impelli
621 1973 796 2073 sentirem:
815 2026 883 2090 ego
898 2026 992 2085 vero,
1011 2026 1091 2071 curn
1108 2006 1236 2071 nullam
1250 2027 1391 2092 prorsus
1403 2008 1532 2073 haberem
1543 2000 1576 2064 ln·

408 2118 626 2186 clinationem
642 2117 708 2185 nisi
727 2122 771 2186 ad
792 2119 994 2205 parendum;
1016 2141 1097 2186 cum
1113 2120 1295 2206 aliquoties
1313 2120 1487 2189 animasset
1500 2128 1527 2183 rt
1539 2136 1577 2181 er·

408 2235 600 2321 primerem,
614 2236 670 2301 vel
682 2235 819 2321 aliquod
831 2235 952 2304 saltem
964 2235 1081 2304 darem
1092 2234 1259 2304 indicium
1270 2235 1503 2323 propensionis,
1512 2250 1576 2317 quam

408 2349 582 2432 sentirem,
599 2372 667 2439 ego
682 2361 797 2417 autern
813 2370 948 2437 semper
963 2351 1218 2437 responderem,
1237 2352 1329 2437 quod
1344 2374 1415 2419 non
1432 2369 1535 2439 possut
1545 2366 1578 2411 re

409 2489 491 2536 uera
506 2466 599 2533 aliud
615 2466 741 2547 dicere,
759 2487 861 2551 quam
877 2489 959 2535 vere
974 2488 1031 2534 me
1046 2487 1116 2535 non
1130 2488 1233 2553 posse
1248 2466 1342 2535 aliud
1357 2468 1394 2534 in
1413 2490 1463 2537 me
1474 2459 1578 2533 numd-

407 2594 543 2651 uertere
558 2593 618 2650 aut
634 2582 774 2663 sentire,
793 2603 895 2668 quam
913 2604 967 2649 me
982 2593 1139 2669 paratum
1154 2605 1231 2651 esse
1244 2581 1296 2650 'ad
1316 2606 1451 2653 omnem
1463 2582 1577 2648 locunet

405 2699 450 2765 ad
465 2720 601 2768 omnem
620 2697 862 2779 obedientiam,
881 2697 1016 2766 etiamsi
1032 2696 1115 2764 mihi
1135 2698 1351 2787 moriendum
1368 2700 1464 2780 soret,
1481 2696 1578 2783 lpseme

406 2814 556 2901 benigne
583 2812 722 2897 dimisit,
750 2825 786 2880 et
811 2812 913 2880 alicui
939 2823 1059 2899 postea
1084 2812 1250 2881 indicauit
1266 2815 1437 2901 placuisse
1455 2811 1493 2879 illi
1507 2809 1577 2874 inne

404 2932 494 2997 hanc
506 2928 769 2998 indifferentiam
785 2939 820 2996 et
836 2928 1115 3015 resignationem3
1133 2929 1223 2997 sicut
1235 2930 1327 2997 idem
1341 2932 1382 2997 P.
1398 2933 1578 2999 Romamn

406 3044 483 3112 tulit
505 3044 587 3111 mihi
609 3044 739 3131 aliquot
758 3054 837 3131 post
858 3066 968 3111 annos
988 3066 1030 3111 ex
1050 3045 1164 3130 aliqua
1184 3044 1377 3117 occasione.
1399 3046 1533 3114 Libenter
1544 3047 1578 3101 ta·

406 3138 483 3227 men
500 3162 708 3247 sequebatur
725 3170 864 3227 sanctus
882 3161 996 3240 Pater,
1014 3161 1110 3227 salua
1125 3160 1358 3247 resignatione
1374 3173 1409 3230 et
1424 3149 1576 3228 obedientia·

404 3250 909 3363 subditorum'propensionem,
927 3283 964 3343 et
978 3276 1154 3362 gaudebat
1168 3278 1307 3361 qnando
1325 3300 1369 3345 ea
1387 3300 1426 3346 se
1442 3272 1580 3343 confoma-

406 3394 465 3459 bat
480 3413 558 3459 cum
576 3413 650 3473 sua;
672 3392 807 3458 dicebat
823 3390 950 3458 etenim
967 3393 1060 3476 quod
1075 3412 1116 3459 ea
1137 3390 1269 3459 ratione
1288 3390 1484 3479 gubernatio
1500 3400 1581 3473 pent·

376 3575 379 3581 ,
406 3529 528 3575 narum
544 3507 666 3575 melius
681 3509 819 3575 cederet
835 3518 860 3587 ⁰,
878 3517 1039 3592 essetque
1054 3507 1206 3574 omnium
1224 3497 1441 3578 suauissima.

476 3643 526 3707 14.
576 3625 664 3690 Cum
680 3622 776 3689 initio
792 3621 1095 3691 administrationis
1110 3623 1247 3710 collegii
1268 3624 1400 3691 romani
1420 3620 1546 3692 sentirem
1558 3610 1580 3675 ln

405 3762 460 3808 me
476 3738 683 3807 reuiuiscere
699 3739 892 3825 passionem
919 3738 989 3806 irae
1015 3748 1181 3819 veterem,
1211 3760 1313 3824 quam
1336 3740 1484 3808 subditus
1496 3742 1524 3800 et
1534 3746 1579 3794 nor

313 3921 315 3927 .
404 3855 559 3941 superior
574 3855 632 3921 vix
649 3875 798 3939 unquam
814 3874 1000 3935 senseram,
1023 3865 1059 3921 et
1080 3854 1278 3951 extinctam,
1302 3856 1392 3942 quae
1412 3864 1521 3922 tantum
1533 3855 1581 3910 ent

404 3971 594 4058 consopita,
612 3973 793 4051 ducebam,
812 3972 949 4039 afferret
964 3981 1079 4038 autem
1100 3970 1158 4038 illa
1173 3970 1259 4037 mibi
1280 3993 1406 4039 nouam
1427 3992 1465 4040 ert
1477 3984 1531 4032 non
1541 3978 1578 4027 et·

404 4098 540 4174 pectata
556 4075 808 4154 inordinatione
824 4085 1026 4165 molestiam,
1045 4063 1176 4153 recurri
1191 4087 1236 4152 ad
1252 4090 1292 4154 B.
1317 4088 1450 4155 Patrem
1466 4102 1515 4169 pro
1526 4094 1581 4142 00¹¹·

404 4202 480 4270 silio
496 4215 530 4273 et
546 4202 685 4269 auxilio.
704 4204 779 4288 lpse
796 4201 960 4267 animauit
975 4224 1031 4270 me
1052 4204 1096 4268 ad
1115 4223 1282 4289 pugnam,
1301 4202 1431 4284 dicens,
1452 4198 1519 4265 iram
1533 4208 1582 4255 ¹11⁰·

405 4319 558 4385 deratam
575 4340 651 4386 esse
667 4317 710 4386 ad
726 4320 815 4385 bene
835 4317 1098 4402 gubernandum
1119 4318 1222 4385 valde
1243 4317 1376 4402 vtilem,
1397 4317 1427 4387 si
1445 4312 1547 4381 ratione
1558 4320 1583 4367 ac

406 4434 471 4503 Dei
489 4434 609 4502 timore
623 4444 841 4520 temperetur;
862 4432 1003 4519 proinde
1020 4444 1153 4499 tantum
1170 4453 1326 4501 curarem
1338 4434 1430 4501 illam
1442 4431 1583 4497 fretu-rtac

459 4702 473 4729 ε
508 4685 647 4759 quodam.
686 4689 735 4727 -b
756 4684 845 4739 Patri.
861 4684 946 4741 Cum.
984 4682 1179 4739 -ccaderet
