3500 5367
287 402 304 455 8
535 426 536 430 ,
667 402 874 458 Mouuumra
894 401 1073 457 leuamen

251 553 330 620 ruit:
349 554 453 639 idque
469 574 512 621 eo
525 574 630 633 anno,
648 553 708 639 qui
726 554 802 639 ejus
817 532 968 623 'mortem
989 554 1185 636 antecessit,
1208 554 1384 633 meditato,
1406 568 1482 621 nta-

250 690 388 757 gnoque
404 669 546 737 consilio
562 669 684 738 fecit...
700 672 800 754 Quae
812 669 868 737 ille
880 680 1041 739 accurate
1056 668 1309 756 diligenterque
1321 692 1365 736 ex
1377 671 1482 756 lgna-

252 784 288 853 tii
306 807 366 853 ore
380 784 527 872 excepit,
545 798 581 852 et
597 785 737 851 totidem
755 786 861 853 fenne
874 784 988 851 verbis
1000 784 1207 872 perscripsit.
1224 786 1342 872 anue
1354 785 1480 864 omnia,

252 902 540 986 quemadmodum
553 912 636 967 tunc
648 901 784 985 quidem
797 882 926 986 scripta
937 912 1028 981 sunt,
1037 902 1129 987 apud
1140 922 1196 968 me
1207 900 1349 967 habeu'.
1358 929 1372 962 ι)
1386 903 1483 969 Haec

254 1016 503 1085 Ribadeneira„

319 1132 506 1201 Historiam
523 1134 627 1219 hujus
644 1133 802 1219 opusculi
819 1136 923 1201 Pater
938 1133 1058 1200 Pinius
1073 1133 1237 1215 contexit,
1260 1132 1360 1199 exiis
1376 1130 1481 1218 potis-

253 1250 388 1328 simum,
406 1270 495 1333 quae
511 1248 642 1315 Natalis
657 1259 692 1316 et
712 1248 785 1335 ipse
802 1249 1013 1316 Consalvius
1024 1248 1167 1334 praefati
1181 1259 1265 1314 sunt
1281 1250 1307 1330 ⁸;
1324 1246 1483 1333 idemque

253 1386 374 1432 causas
389 1366 541 1451 exponit,
560 1364 685 1449 quibus
700 1364 871 1431 adductus
891 1377 945 1431 est
961 1374 999 1431 ut
1018 1363 1275 1431 consalvianam
1292 1362 1415 1451 ignatii
1430 1362 1495 1428 vi-,

253 1490 334 1559 tam,
353 1490 454 1547 antea
470 1479 504 1545 in
523 1470 960 1561 tenebrisdelitescentem,
974 1479 1114 1546 latinam
1131 1502 1152 1545 a
1163 1481 1481 1558 Codrettotactam,

254 1596 289 1661 iu
307 1598 417 1661 lucem
440 1596 621 1681 proferret.

320 1712 427 1778 Nobis
444 1732 537 1791 ver0,
554 1710 680 1795 quibus
696 1710 842 1797 contigit
858 1711 1146 1796 antiquissimum,
1165 1711 1323 1795 quamvis
1337 1701 1484 1798 apogra-

252 1831 370 1912 phum,
389 1827 562 1913 exemplar
578 1827 737 1913 reperire,
752 1827 836 1893 illud
849 1827 951 1919 quale
962 1840 1141 1895 exaratum
1153 1839 1218 1907 est,
1232 1826 1357 1912 partim
1368 1827 1482 1913 hispa-

253 1942 328 2009 nice
345 1942 466 2028 partim
494 1942 618 2022 italice,
649 1944 743 2029 prelo
759 1942 973 2029 subjicimus.
993 1942 1128 2009 Etenim
1144 1942 1364 2025 Consaluius,
1382 1956 1486 2029 prout

253 2078 479 2127 amanuenses
507 2058 579 2125 sive
595 2058 751 2125 librarios
778 2058 1052 2138 nanciscebatur,
1077 2080 1119 2125 eo
1135 2058 1289 2125 dictabat
1308 2058 1482 2138 idiomate,

255 2178 347 2258 quod
364 2175 410 2240 illi
427 2175 603 2243 callerent.

322 2292 505 2359 Caeterum
520 2292 563 2359 de
587 2304 737 2375 tempore
757 2310 797 2356 ac
826 2289 958 2357 ratione
984 2288 1180 2375 scriptionis
1206 2292 1417 2377 superfluum
1434 2301 1486 2358 est

257 2408 350 2492 plura
369 2405 528 2490 adjicere,
546 2427 637 2486 cum,
656 2427 745 2490 quae
760 2404 935 2472 studiosus
952 2406 1058 2472 lector
1079 2405 1273 2473 desiderare
1294 2416 1422 2491 posset,
1446 2427 1487 2474 ea

256 2534 375 2588 auctor
392 2523 464 2608 ipse
480 2522 617 2589 abunde
633 2533 758 2587 narret.
780 2523 830 2587 Ex
846 2522 972 2605 quibus
986 2521 1089 2587 etiarn
1106 2521 1279 2589 aestimari
1291 2532 1407 2607 potest
1418 2543 1487 2606 quo

257 2638 364 2722 pretio
381 2641 488 2705 hocce
504 2638 706 2723 opusculum
726 2638 922 2703 habendum
938 2636 995 2705 sit.
1017 2617 1098 2705 Siue
1118 2637 1209 2705 enim
1226 2636 1403 2723 scriptoris
1425 2660 1486 2704 ve-

256 2754 444 2831 racitatem,
464 2753 537 2821 sive
552 2754 705 2839 ejusdem
722 2774 839 2819 curam
856 2772 896 2819 ac
917 2751 1130 2838 diligentiam
1152 2752 1187 2819 in
1208 2753 1392 2820 scribendo
1407 2775 1487 2840 spe-

186 2870 189 2875 ’
257 2881 341 2947 ctes,
372 2871 489 2954 procul
516 2869 622 2934 dubio
647 2867 761 2952 magni
786 2868 946 2953 ponderis
963 2879 1065 2952 atque
1081 2867 1295 2935 auctoritatis
1318 2890 1395 2937 esse
1421 2872 1488 2937 hoc

258 2996 517 3051 monumentum
542 2984 713 3063 fateberis
735 2982 782 3049 ita
804 2994 841 3048 ut
861 2984 1014 3069 proxime
1034 2984 1120 3049 illud
1140 2985 1305 3053 accedere
1331 2984 1488 3051 videatur

257 3102 301 3167 ad
318 3100 635 3187 autobiographiam
652 3100 877 3187 Ignatianam,
897 3099 1030 3167 etiamsi
1045 3100 1235 3184 (fatendum
1255 3112 1308 3167 est
1322 3101 1426 3187 enim)
1445 3103 1488 3166 ab

144 3220 147 3226 '
259 3216 391 3301 Ignatio
407 3238 449 3281 ea
467 3237 528 3283 nec
550 3228 688 3283 exarata
709 3236 773 3283 nec
798 3216 977 3303 recognita
994 3216 1108 3282 fuerit.
1135 3218 1239 3300 Quod
1259 3216 1289 3283 si
1307 3228 1489 3301 utrumque

259 3333 447 3398 alterumve
464 3333 617 3417 [gnatius
635 3332 868 3417 praestitisset,
887 3335 1049 3419 majorem
1066 3344 1159 3399 certe
1174 3332 1413 3401 auctoritatem
1426 3336 1489 3399 ha-

261 3450 369 3514 berei.

327 3566 426 3648 Quae
454 3563 582 3630 idcirco
604 3564 731 3650 placuit
759 3564 1043 3643 animaduertere,
1063 3575 1101 3629 ut
1121 3564 1274 3650 prudens
1298 3565 1404 3630 lector
1419 3574 1472 3630 sta

261 3690 356 3747 tuere
378 3680 587 3764 valeatquid
616 3680 727 3766 magis
749 3678 812 3744 sibi
835 3680 1047 3763 probandum
1074 3679 1243 3759 videatur,
1266 3680 1296 3745 si
1316 3680 1492 3763 quandoa
1600 3694 1606 3701 '

260 3797 443 3862 Consalvio
456 3796 583 3880 aliquid
596 3796 740 3863 fortasse
752 3795 882 3862 dictum
894 3807 1064 3876 occurrat,
1075 3796 1166 3880 quod
1179 3817 1249 3861 non
1261 3795 1400 3861 omnino
1412 3791 1491 3862 cum

260 3912 374 3977 verbis
387 3912 529 3977 aliorum
543 3912 737 3992 conveniat,
752 3912 864 3997 quiex
877 3914 999 3980 eodem
1015 3912 1149 3999 Ignatio
1160 3924 1222 3977 aut
1232 3934 1276 3980 ex
1287 3932 1491 3978 monumen-

260 4028 302 4091 tis
315 4028 448 4093 illorum
465 4040 657 4113 temporum
673 4048 742 4093 rem
758 4027 860 4093 etiam
876 4041 1098 4113 exceperunt.
1114 4028 1224 4112 Cujus
1236 4026 1285 4095 rei
1296 4028 1491 4111 exemplum

260 4142 528 4228 suppeditabunt
554 4164 722 4210 censurae
748 4143 916 4227 quaedam
940 4142 1137 4208 aPatribus
1164 4144 1324 4222 Araozio,
1353 4142 1493 4209 Canisio

261 4258 404 4343 aliisque
420 4259 567 4344 scriptae
583 4260 626 4327 de
651 4261 724 4324 Vita
746 4260 892 4347 Ignatii,
913 4280 1014 4343 quam
1035 4257 1142 4325 edidit
1160 4256 1398 4345 Ribadeneira,
1416 4280 1493 4323 rur-

315 4452 325 4479 *
372 4447 436 4501 Vita
453 4447 571 4518 Ignatii
587 4447 717 4502 Loiolae.
732 4444 880 4502 Praefatio
893 4447 928 4501 ad
944 4448 1060 4502 Fratres
1074 4446 1231 4501 Societatis
1245 4448 1330 4518 Jesu.

315 4538 326 4567 ³
365 4538 439 4591 Acta
459 4536 651 4599 Sanctorum,
670 4535 702 4590 31
728 4536 810 4607 Julii.
830 4536 876 4591 De
896 4535 927 4591 S.
951 4534 1066 4606 ignatio
1090 4536 1234 4607 Loyola...
1258 4536 1494 4593 Commentarius

263 4626 408 4693 praevius,
423 4628 436 4691 3,
448 4626 529 4681 XCI.
