3500 5367
405 470 588 525 Drcrnurux
608 468 640 525 S.
660 470 785 526 Iouam
803 484 825 526 n
842 470 879 531 Pe
899 470 1055 527 Lxucrcro
1074 482 1242 527 coeeucrn
1350 470 1404 541 503

190 620 376 688 forficibus
391 624 515 689 barbas
530 622 629 689 iussit
650 621 771 704 minui;
793 634 827 691 et
845 634 884 689 ut
899 622 972 709 ipse
993 622 1139 708 praeiret
1161 624 1331 709 exemplo,
1355 646 1436 710 pro-

191 736 280 823 priis
298 736 371 823 ipse
386 738 544 805 manibus
559 740 700 805 barbam
717 760 814 805 suam
828 738 985 819 abscidit,
999 749 1034 804 et
1049 737 1209 805 omnibus
1225 762 1267 806 ex
1280 738 1434 825 partibus

192 855 377 937 aequalem
391 864 425 919 et
441 875 549 939 aeque
561 856 789 941 vndequaque
800 878 820 923 a
832 876 937 923 carne
948 852 1130 921 distantem
1144 852 1298 936 retinuit,
1313 876 1433 939 quem-

191 970 382 1036 admodum
411 992 503 1037 nunc
524 992 643 1037 omnes
663 971 773 1038 sancti
795 971 909 1039 Patris
931 970 1111 1057 imagineS,
1134 980 1170 1036 et
1195 968 1336 1055 antiqua
1358 970 1434 1037 eius

189 1084 303 1153 facies
319 1086 444 1153 mortui
461 1088 605 1155 formata
622 1110 663 1154 ex
681 1109 792 1174 gypso
808 1086 866 1177 [et]
883 1097 997 1154 statua
1013 1096 1237 1172 representat.

264 1200 466 1269 Indecorum
483 1203 626 1288 putabat
647 1202 676 1269 si
697 1202 733 1268 in
749 1200 919 1269 cubiculis
942 1212 1149 1281 nostrorum,
1172 1201 1283 1267 oculis
1302 1200 1435 1268 intran-

191 1314 283 1383 tium
301 1317 474 1403 expositae
494 1330 698 1405 apparerent
719 1340 857 1404 scopae,
875 1317 995 1400 calcei,
1012 1318 1153 1384 lucerna
1168 1329 1230 1383 aut
1249 1317 1354 1383 ollula
1371 1340 1435 1384 no·

189 1441 333 1513 cturna,
352 1444 411 1499 aut
427 1434 542 1502 lectuli
565 1434 749 1519 pendentia
764 1432 974 1512 linteamina,
994 1434 1049 1501 uel
1066 1431 1201 1502 indusia
1217 1443 1252 1497 et
1268 1431 1324 1498 his
1339 1431 1435 1498 simi-

189 1545 252 1628 lia;
271 1547 418 1633 ideoque
434 1549 468 1616 in
489 1550 649 1616 cubiculo
666 1549 775 1616 sancti
793 1549 917 1627 Patris,
936 1560 1070 1635 praeter
1090 1568 1256 1627 mensam,
1281 1568 1433 1628 scamna,
1475 1600 1479 1606 .

190 1662 301 1729 libros
317 1676 353 1732 et
368 1666 637 1751 suppellectilem
657 1664 869 1751 scriptoriam
887 1686 927 1730 ac
946 1665 1135 1742 lauacrum,
1158 1662 1244 1728 nihil
1264 1662 1427 1730 cerneba-

191 1790 264 1860 tur,
287 1779 336 1844 uti
351 1801 415 1847 nec
433 1780 668 1866 pauimentum
684 1780 794 1867 sputis
810 1779 1081 1864 coinquinatum.
1100 1779 1334 1863 Quamobrem
1356 1778 1430 1844 exi-

193 1918 305 1983 guam
323 1876 508 1965 testaceam
524 1898 715 1977 scutellam,
735 1897 935 1965 etiamdum
956 1895 1020 1961 iret
1036 1893 1204 1973 cubitum,
1227 1893 1330 1979 capiti
1351 1915 1430 1979 pro-

193 2013 324 2078 ximam
341 2013 502 2093 habebat,
520 2012 555 2077 in
573 2034 674 2098 quam
692 2022 886 2098 exspueret,
905 2013 972 2077 hac
987 2030 1125 2096 quoque
1141 2008 1177 2074 in
1193 2031 1230 2077 re
1247 2010 1431 2076 ostendens

195 2150 352 2195 amorem
369 2127 564 2195 mundiciei.

264 2246 355 2311 Cum
370 2246 559 2314 cardinales
575 2244 835 2331 proposuissent
851 2264 986 2308 summo
1003 2240 1156 2326 pontifici
1177 2241 1213 2319 ¹⁴,
1234 2252 1273 2305 ut
1293 2250 1430 2305 nostrae

191 2359 316 2426 domui
331 2362 506 2447 professae
528 2360 653 2445 quouis
674 2381 791 2426 mense
813 2359 914 2424 titulo
930 2358 1167 2442 eleemosynae
1184 2372 1227 2439 50
1254 2367 1354 2421 scuta
1371 2354 1431 2420 tri-

191 2478 398 2557 buerentur,
429 2488 463 2544 et
490 2498 558 2543 non
580 2498 640 2563 per
661 2476 807 2551 ¹modum
828 2474 971 2555 reditus
994 2494 1063 2558 quo
1079 2494 1121 2540 ea
1144 2471 1285 2540 liberius
1308 2471 1430 2537 domus

190 2593 350 2677 professa
364 2602 480 2677 posset
495 2591 682 2678 percipere,
701 2612 855 2658 summus
871 2588 1026 2676 pontifex
1042 2588 1183 2654 omnino
1202 2588 1338 2653 uolebat
1351 2606 1428 2653 esse

192 2717 375 2793 perpetua:
398 2730 442 2774 ne
469 2718 584 2775 autem
604 2709 726 2773 domus
751 2707 906 2792 professa
926 2726 968 2771 ea
989 2703 1204 2790 respuere[t]‚
1234 2724 1335 2787 posse
1356 2701 1433 2769 fieri

191 2824 339 2904 bullam,
357 2845 426 2909 qua
454 2824 642 2910 protectori
670 2822 851 2891 Societatis
873 2832 1027 2907 tempore
1055 2818 1233 2887 existentis
1255 2819 1352 2885 fieret
1367 2839 1430 2904 po-

188 2948 302 3006 testas
318 2940 376 3006 illa
391 2950 490 3007 scuta
506 2940 706 3026 accipiendi,
724 2950 759 3009 et
774 2960 837 3026 pro
854 2937 952 3003 libitu
970 2938 1026 3005 uel
1046 2934 1193 3021 collegio
1216 2955 1358 3000 romano
1377 2936 1433 3002 uel

192 3054 314 3121 domui
334 3056 508 3143 professae
529 3042 734 3143 applicairdi.
756 3056 907 3123 Sanctus
928 3054 1047 3133 Pater,
1070 3063 1250 3138 postquam
1272 3049 1307 3114 id
1327 3048 1429 3117 intel-

192 3170 293 3251 lexit,
312 3171 598 3240 consultationem
620 3170 781 3252 instituit,
810 3170 866 3236 cui
882 3169 956 3255 ipse
979 3188 1117 3253 quoque
1143 3176 1279 3253 praeter
1299 3184 1429 3231 morem

192 3286 318 3354 adfuit.
337 3290 376 3355 In
392 3310 433 3355 ea
449 3286 702 3355 consultatione
717 3288 787 3354 duo
803 3288 945 3352 fuerunt
965 3284 1139 3349 conclusa:
1162 3294 1232 3348 1.¹¹¹⁰
1248 3279 1276 3347 si
1295 3302 1383 3367 papa
1400 3279 1435 3345 id

192 3406 292 3471 daret
309 3414 471 3489 tanquam
487 3403 751 3488 eleemosynam,
769 3401 1057 3487 quemadmodum
1072 3399 1156 3466 dant
1172 3396 1377 3478 cardinales
1400 3394 1434 3461 id

193 3522 285 3588 bene
300 3540 479 3586 cessurum
501 3519 676 3601 Societati;
701 3516 766 3585 25¹⁰
787 3518 882 3584 nullo
903 3517 1008 3583 modo
1027 3512 1276 3581 admittendum
1299 3522 1337 3578 ut
1354 3510 1431 3577 talis

193 3636 290 3702 bulla
310 3636 382 3716 fiat,
400 3636 461 3702 sed
477 3646 515 3701 ut
535 3645 702 3722 perpetuo
722 3634 819 3702 cedat
843 3633 879 3698 in
900 3631 1105 3700 beneficium
1122 3628 1272 3715 collegii,
1291 3649 1310 3693 a
1327 3628 1429 3692 domo

195 3772 280 3818 uero
297 3752 448 3837 professa
465 3773 533 3817 non
550 3761 759 3837 acceptetur.

262 3869 396 3953 Regula
412 3866 551 3953 speciali
566 3877 706 3934 sanctus
724 3869 827 3933 Pater
843 3876 1012 3945 vetuerat,
1029 3886 1074 3931 ne
1091 3862 1213 3929 ulluse
1229 3861 1331 3926 domo
1346 3878 1427 3943 pro-

193 3986 285 4049 fessa
301 3982 376 4049 sine
391 3982 531 4069 speciali
547 3982 684 4051 licentia
701 3982 736 4047 in
753 3982 823 4047 ullo
839 3978 987 4065 collegio
1002 3977 1210 4057 comederet,
1225 3985 1265 4040 ut
1281 3986 1431 4040 rectores

193 4096 432 4185 collegiorum,
455 4080 484 4165 si
505 4119 592 4184 opus
607 4108 710 4179 esset,
736 4097 810 4164 sine
831 4092 1017 4185 [scrupulo]
1034 4102 1175 4181 possent
1195 4091 1320 4171 iurare,
1346 4086 1434 4153 nihil

192 4213 312 4279 domui
327 4213 502 4301 professae
519 4236 562 4283 ex
577 4212 734 4300 collegiis
750 4210 909 4281 beneficii
925 4208 1123 4290 accessisse3
1142 4206 1362 4294 permittebat
1380 4213 1433 4269 ta-

193 4350 344 4397 mentes
360 4331 405 4396 ad
421 4341 554 4396 certum
571 4339 707 4414 tempus
719 4327 826 4413 accipi
843 4351 887 4395 ex
899 4324 1054 4412 collegiis
1072 4335 1203 4390 mutuo.

238 4446 328 4513 Cum
345 4445 529 4532 collegium
546 4444 820 4533 panormitanum
842 4444 968 4510 multos
984 4463 1047 4528 pro
1063 4442 1165 4508 domo
1181 4439 1336 4523 professa
1361 4434 1436 4500 fru-

156 4740 160 4759 .
250 4700 272 4731 ¹⁴
310 4698 356 4752 De
369 4696 449 4768 Julio
465 4696 508 4751 111
522 4712 619 4751 sermo
632 4703 693 4755 est.
