3500 5367
435 466 621 527 Pnocnssus
639 458 999 523 Azrmntnus‘conm
1017 460 1176 521 lemnon
1275 465 1276 468 ’
1331 463 1385 536 583

210 682 212 686 ,
254 620 337 686 Atia
348 640 457 687 manu
469 632 494 687 ⁸.
509 622 539 687 E
548 642 596 707 yo
607 618 679 689 Mi}
691 620 749 688 P}
760 620 804 687 de
815 618 971 704 Ydiaqyz
986 616 1006 699 f,
1020 618 1201 687 escribano
1215 621 1259 686 de
1275 626 1420 689 nr'rntero

177 734 231 803 de
246 735 280 803 la
294 756 402 822 reyna
416 746 557 803 nuestra
572 744 709 818 sonora,
731 748 892 823 presente
910 736 974 821 fuy
993 734 1026 805 al
1048 735 1301 821 otorgamiento
1321 736 1419 807 desta

178 848 290 917 dicha
305 861 399 918 carta
410 852 454 919 de
469 852 577 938 podet
591 855 611 919 ἐ
627 850 851 938 procuracion
867 856 888 917 i
904 872 972 917 vno
983 871 1050 917 con
1061 850 1114 917 los
1125 848 1245 917 diebos
1257 850 1416 938 testigos3

179 969 206 1031 ὁ
223 964 256 1031 al
272 966 387 1033 firmat
401 970 482 1053 aqui
497 967 542 1034 de
557 988 599 1035 su
614 967 809 1033 nombre·el
829 966 933 1033 dicho
954 974 1057 1033 senor
1080 964 1278 1053 corregidor
1296 989 1360 1053 por
1373 1002 1419 1019 -

180 1116 231 1131 -
246 1118 291 1132 -
306 1114 353 1131 —-
366 1092 381 1131 ⁸
395 1083 439 1151 de
454 1102 497 1149 su
511 1081 721 1168 pedimiento
736 1084 769 1149 la
784 1082 827 1165 fiz
844 1102 941 1149 sacar
957 1104 977 1150 e
992 1080 1149 1164 escriuir,
1165 1082 1242 1149 efiz
1253 1086 1333 1167 aqut
1345 1093 1418 1153 este

181 1200 255 1262 mio
270 1195 373 1283 signo
386 1202 407 1263 ά
423 1197 469 1265 tal
484 1218 528 1264 en
544 1196 741 1265 testimonio
755 1198 799 1265 de
814 1197 956 1263 verdad.

1056 1314 1138 1380 Mr.L
1160 1312 1221 1380 Ρ.ι

768 1478 817 1559 33

258 1608 529 1678 PROCESSUS
553 1608 869 1677 AZPEITIANUS
894 1608 1089 1676 CONTRA
1113 1606 1347 1676 IGNATIUM

682 1743 781 1791 Anno
802 1738 885 1807 1515
905 1726 915 1757 ¹

589 1883 817 1943 mouumentum
839 1884 1002 1941 secuudum

168 2028 313 2101 joannes
328 2030 365 2086 do
383 2028 484 2087 Ubiila
496 2030 647 2086 mndata
658 2046 716 2085 sua
734 2032 868 2103 exponit,
881 2035 910 2085 et
920 2012 1129 2085 ‘monumenta
1145 2029 1259 2086 exhibet
1281 2030 1416 2086 ecetesia-

244 2119 331 2186 ttica,
344 2120 454 2191 quitus
463 2136 554 2175 suam
566 2137 689 2176 causam
701 2125 809 2177 contra
821 2113 982 2195 ignatium
991 2119 1086 2191 poenit
1091 2119 1167 2192 juro
1179 2120 1350 2176 instituere.

252 2246 305 2313 En
320 2246 354 2313 la
369 2265 451 2334 muy
466 2248 568 2315 noble
583 2268 607 2332 y
622 2268 704 2333 muy
720 2247 787 2318 lea]
797 2246 925 2314 ciudad
939 2246 982 2314 de
1001 2247 1189 2333 Pamplona
1207 2251 1228 2314 i
1247 2267 1326 2333 seys
1341 2248 1415 2315 dias

182 2362 240 2429 del
260 2384 334 2431 mes
349 2362 393 2432 de
409 2366 539 2450 Marco,
557 2372 650 2430 anno
665 2364 721 2431 del
740 2361 968 2431 nascimiento
986 2362 1031 2431 de
1049 2362 1192 2431 nuestro
1212 2372 1315 2431 senor
1329 2366 1415 2451 Jesu

182 2480 275 2565 Xpo.
293 2480 337 2547 de
353 2478 413 2545 mil
428 2478 624 2563 quinientos
638 2498 661 2565 y
677 2477 814 2565 quinze.
834 2480 904 2546 Por
915 2488 996 2548 ante
1006 2478 1059 2545 los
1071 2478 1177 2547 Rdos.
1190 2487 1334 2546 sonores
1345 2480 1414 2547 don

175 2596 293 2683 Johin
306 2595 415 2662 Paulo
426 2594 594 2678 Oliuerio,
609 2593 738 2661 vican'o
750 2593 904 2683 general,
918 2615 941 2680 y
953 2595 1142 2683 donJohin
1154 2596 1198 2661 de
1210 2595 1413 2663 Sanctama·

180 2715 244 2794 ria,
263 2709 375 2779 oficial
391 2712 436 2780 de
456 2712 656 2799 Pamplona‚
679 2732 742 2799 por
768 2710 969 2779 auctoridad
995 2710 1182 2798 apostolica
1209 2707 1412 2797 deputans,

179 2846 226 2894 en
242 2826 420 2914 presencia
434 2828 478 2897 de
498 2832 558 2908 mi,
581 2826 771 2913 notario,‚y
798 2810 911 2896 delos
935 2827 1081 2914 testigos
1102 2828 1147 2896 de
1162 2826 1241 2894 iuso
1258 2826 1414 2917 ‚scriptos

178 2942 336 3029 parescio
351 2952 512 3029 presente
532 2942 563 3011 ei
585 2942 735 3012 discreto
751 2945 865 3032 Johin
892 2942 992 3012 Periz
1011 2944 1056 3012 de
1076 2942 1203 3024 Vbilla,
1226 2942 1347 3011 vezino
1368 2944 1412 3012 de

177 3059 213 3125 la
229 3058 310 3125 villa
325 3059 369 3128 de
385 3060 471 3129 Sant
487 3056 624 3127 Andres
640 3060 684 3129 de
703 3061 856 3146 Heybar‚
873 3060 919 3128 de
938 3060 972 3127 la
990 3058 1171 3146 prouincia
1190 3061 1234 3125 de
1253 3057 1412 3144 Guiptrz·

179 3196 244 3243 coa
260 3178 280 3243 e
296 3174 441 3244 diocesis
457 3176 500 3245 de
512 3176 687 3257 Calaorra,
704 3196 749 3243 en
765 3176 909 3244 nombre
922 3196 945 3261 y
960 3196 1060 3242 como
1075 3176 1284 3262 procurador
1295 3196 1364 3259 que
1374 3193 1414 3242 se

176 3296 307 3359 mostro
322 3290 378 3360 del
394 3291 496 3359 noble
506 3292 630 3380 Joham
642 3290 832 3359 Ferntndiz
848 3292 892 3358 de
912 3292 946 3357 la
961 3291 1087 3373 Gamo,
1103 3291 1205 3357 dotor
1225 3311 1270 3357 en
1290 3291 1411 3357 ambos

174 3408 360 3488 derechos‚
374 3407 572 3494 corregidor
583 3408 626 3475 de
638 3407 673 3473 la
684 3407 786 3475 dicha
797 3405 976 3493 prouincia
987 3408 1031 3474 de
1042 3404 1257 3492 Gnipr'rzcoa3
1272 3404 1410 3492 eluego

177 3528 351 3607 presente,
369 3524 452 3593 eler
466 3523 533 3590 fizo
547 3543 611 3611 por
630 3528 690 3605 mi,
708 3523 742 3593 el
756 3522 858 3589 dicho
874 3520 1022 3602 notario,
1039 3542 1086 3589 vn
1106 3520 1410 3607 requerimientoy

177 3658 227 3703 un
242 3646 458 3726 transumpto
473 3640 517 3708 de
533 3640 596 3707 dos
611 3635 711 3707 bulas
730 3638 947 3725 apostolicas,
965 3638 1021 3707 del
1041 3647 1185 3707 nuestro
1203 3658 1286 3724 rnuy
1309 3646 1410 3705 santo
1525 3640 1528 3650 '

177 3754 291 3823 Padre
307 3756 503 3823 Alexandro
519 3766 617 3823 sexto
632 3756 675 3823 de
695 3752 847 3841 gloriosa
865 3752 1087 3821 recordacion
1109 3752 1327 3836 concedidas,
1349 3774 1407 3821 so·

176 3872 239 3936 bre
253 3871 286 3938 el
301 3870 458 3959 hibitoy
480 3881 621 3938 tonsura
642 3890 710 3956 que
729 3870 840 3937 deben
861 3880 954 3938 traer
972 3870 1027 3937 los
1047 3867 1195 3956 clerigos
1216 3868 1408 3935 ordenados

176 3986 222 4056 de
236 3984 346 4074 prima
365 4007 505 4067 corona,
528 4008 575 4053 no
601 3984 845 4067 beneficiados,
873 4004 919 4051 en
933 3983 985 4051 los
1008 4006 1134 4071 reynoe
1155 3988 1349 4070 ysenortos
1363 3983 1409 4053 de

175 4104 326 4190 Espana3
344 4124 367 4189 y
382 4101 462 4169 bien
477 4107 526 4168 ast
543 4102 593 4167 las
608 4100 875 4185 declaraciones,
893 4101 995 4169 sobre
1006 4101 1037 4169 el
1054 4112 1145 4169 traer
1157 4100 1212 4170 del
1229 4098 1332 4166 dicho
1343 4100 1407 4166 ht·

174 4216 249 4285 bito
264 4239 288 4304 y
304 4228 456 4299 tonsura,
474 4238 536 4305 por
551 4216 603 4285 los
619 4217 778 4303 perlados
793 4216 836 4283 de
851 4216 903 4282 las
922 4207 1074 4304 yglesias
1089 4217 1133 4285 de
1156 4216 1317 4303 Espanya
1335 4238 1360 4302 y
1374 4217 1406 4282 el

230 4393 242 4421 e
284 4376 513 4443 Testimonium,
524 4376 603 4448 quod
611 4376 758 4447 sequitur,
769 4380 906 4431 assutum
916 4379 959 4431 est
968 4378 1132 4447 perperam
1139 4380 1208 4447 post
1217 4376 1306 4430 aliud
1317 4390 1407 4430 exse·

172 4466 333 4538 quantitas
346 4466 557 4522 monumentis.
595 4468 643 4508 -s
658 4464 761 4521 Forte:
772 4465 883 4537 Miguel
893 4464 1032 4521 Perezde
1042 4462 1191 4537 lffiiquez.
1230 4480 1279 4517 -t
1300 4464 1406 4518 Exstat

173 4555 310 4622 verbum,
324 4556 405 4627 quod
416 4572 478 4611 non
489 4554 644 4610 valuimus
656 4554 766 4628 legere.

228 4696 237 4731 ¹
276 4698 320 4753 Ex
333 4699 510 4771 apographo,
525 4695 556 4753 in
571 4695 643 4753 Cori.
660 4696 786 4769 Loyolae
799 4696 823 4764 I,
840 4713 869 4752 n.
884 4710 913 4767 2,
925 4704 1012 4752 texto
1025 4703 1226 4752 monumento.
