3500 5367
408 400 460 471 352
786 400 994 457 Mouuunurn
1014 401 1193 456 Iouerum

441 572 495 639 37.
545 554 633 621 Cum
647 554 775 620 Romae
788 574 914 639 magna
930 573 1087 620 annonae
1101 552 1227 618 caritas
1241 553 1406 639 populum
1418 568 1594 639 premeret,

372 681 407 739 et
422 680 563 757 propter
578 664 749 736 armorum
767 669 924 737 ardorem
942 667 1120 735 interclusi
1131 680 1343 736 commeatus
1355 669 1482 736 famem
1493 670 1595 736 mina-

373 797 502 866 rentur,
521 806 590 871 quo
607 796 761 870 tempore
777 783 909 850 Paulus
924 782 970 868 iiij
993 804 1165 850 summum
1185 784 1424 869 pontificatum
1443 786 1593 871 gerebat,

372 924 462 968 anno
483 917 578 985 1555,
606 901 646 967 16
666 898 896 986 Septembris,
919 898 1018 966 iussit
1040 900 1144 967 Pater
1163 898 1199 965 in
1222 900 1369 986 collegio
1396 922 1540 967 romano
1557 902 1596 970 de

371 1017 449 1083 cibo
464 1018 644 1085 detrahere
659 1026 693 1085 et
709 1014 921 1082 dimidiatum
937 1014 1118 1081 obsonium
1131 1015 1294 1083 iratribus
1304 1016 1390 1098 dari3
1405 1027 1513 1101 atque
1523 1038 1594 1083 curn

370 1135 502 1213 eodem,
522 1132 557 1197 ni
573 1132 683 1212 fallor,
702 1131 756 1198 die
774 1134 878 1197 Pater
894 1132 1066 1199 Polancus
1078 1154 1123 1199 ne
1134 1131 1313 1200 denarium
1324 1130 1478 1218 quidem,
1491 1154 1595 1217 neque

372 1260 492 1314 mutuo
508 1250 551 1314 ab
567 1246 699 1327 amicis,
718 1268 830 1332 neque
847 1246 977 1314 foenori
998 1270 1019 1313 a
1039 1246 1299 1331 mercatoribus,
1322 1270 1436 1333 neque
1455 1249 1527 1315 ulla
1546 1272 1594 1316 ra·

321 1452 324 1457 Ι
371 1366 465 1431 tione
480 1364 550 1431 alia
563 1363 719 1431 inuenire
735 1363 915 1450 potuisset,
934 1385 1003 1448 quo
1019 1363 1204 1450 obligatam
1221 1364 1448 1433 creditoribus
1463 1379 1501 1431 et
1521 1387 1593 1451 ope-

372 1480 495 1567 r[ari]is
508 1481 614 1546 ‘fidem
627 1502 724 1546 suam
742 1480 914 1559 liberaret,
929 1478 1077 1547 maxima
1092 1478 1195 1547 animi
1208 1479 1380 1565 aequitate
1393 1502 1463 1547 rem
1477 1480 1521 1547 ad
1533 1482 1593 1547 Pa-

375 1608 460 1665 trem
477 1594 605 1662 retulit.
625 1595 683 1663 llle
701 1616 795 1675 uem,
818 1594 877 1660 ubi
898 1616 936 1661 se
956 1594 991 1661 in
1012 1592 1209 1661 cubiculum
1227 1595 1413 1662 abdidisset
1429 1607 1465 1664 et
1481 1616 1595 1682 preces

373 1714 448 1779 Deo
464 1711 620 1791 fudisset,
640 1710 801 1779 Patribus
817 1711 968 1796 Laynez,
984 1699 1149 1793 Polanc0,
1161 1711 1329 1780 Madridio
1341 1714 1385 1777 ad
1398 1733 1437 1780 se
1452 1712 1591 1780 accersi-

374 1828 430 1907 tis,
449 1846 655 1924 rem,·quam
672 1848 692 1893 a
713 1829 816 1894 Patre
834 1827 985 1894 Polanco
1004 1838 1196 1923 acceperat,
1215 1826 1355 1914 exponit
1370 1838 1405 1894 et
1425 1827 1528 1893 simul
1538 1828 1590 1893 ait:

373 1945 450 2011 Non
466 1943 544 2009 dico
560 1964 615 2010 me
630 1945 832 2029 prophetam
848 1962 924 2009 esse
945 1954 1005 2009 aut
1025 1942 1141 2009 diuina
1156 1942 1366 2012 reuelatione
1382 1940 1591 2018 illustratum,

374 2070 412 2124 ut
428 2079 516 2143 quae
532 2058 642 2125 dicam
664 2079 804 2127 necesse
827 2068 972 2124 uentura
992 2057 1131 2144 putetis3
1150 2043 1219 2125 sed'
1232 2068 1348 2127 tamen
1368 2060 1434 2124 hoc
1454 2058 1590 2131 affinno,

374 2175 488 2242 animo
504 2196 580 2243 meo
600 2196 676 2243 esse
697 2173 925 2239 certissimum
946 2172 1347 2258 constitutissimumque,
1365 2173 1455 2240 intra
1471 2195 1588 2240 annum

373 2288 520 2376 collegio
537 2299 653 2356 nostro
668 2288 716 2355 ita
729 2288 903 2375 prouisum
916 2289 1002 2369 fore,
1018 2298 1056 2353 ut
1069 2310 1131 2355 nos
1143 2287 1314 2375 praesenti
1326 2288 1483 2356 molestia
1493 2288 1591 2355 simus

372 2405 482 2487 liberi;
501 2426 613 2491 neque
629 2404 793 2471 minorem
810 2424 904 2470 nunc
920 2405 1032 2470 habeo
1048 2426 1155 2491 spem,
1177 2405 1246 2471 imo
1265 2426 1350 2471 uero
1368 2405 1474 2491 longe
1494 2403 1590 2471 maio·

373 2542 457 2601 rem,
472 2520 515 2589 de
527 2519 592 2587 Dei
604 2540 688 2605 erga
705 2540 767 2584 nos
784 2517 1012 2604 prouidentia,
1026 2540 1130 2603 quam
1145 2518 1487 2615 cumuiuensJulius
1496 2518 1530 2605 iij
1543 2540 1589 2585 re·

372 2657 508 2703 seruam
525 2634 624 2702 nobis
640 2634 805 2721 promisit,
824 2645 886 2701 aut
901 2655 982 2702 cum
998 2637 1181 2702 Marcellus
1198 2648 1259 2703 2.¹¹⁵
1274 2657 1336 2702 sua
1351 2634 1387 2701 in
1403 2656 1468 2702 nos
1479 2633 1590 2702 eximia

371 2750 613 2821 beneuolentia
629 2749 743 2817 omnia
760 2773 777 2817 a
795 2772 833 2817 se
848 2772 989 2836 sperare
1005 2750 1157 2819 iubebat.
1176 2754 1243 2833 Tu,
1262 2752 1423 2831 Polance,
1443 2772 1504 2817 sex
1522 2770 1591 2835 pro

372 2867 472 2935 ximis
490 2866 665 2934 mensibus
681 2865 864 2953 collegium
882 2875 1037 2935 nostrum
1053 2867 1212 2936 alendum
1229 2889 1324 2948 cura3
1337 2866 1404 2933 illis
1415 2865 1548 2959 elapsis,
1560 2878 1589 2931 te

372 3004 531 3049 securum
554 3002 631 3049 esse
651 2980 765 3062 iubeo,
789 3003 855 3068 ego
877 2979 969 3050 enim
989 2984 1090 3049 alam.
1114 2983 1201 3050 Mira
1222 2984 1286 3052 res!
1311 2984 1433 3050 eodem
1452 2983 1519 3061 die,
1539 2979 1587 3065 qui

372 3112 486 3167 tamen
502 3098 569 3165 iam
586 3074 622 3163 in
639 3118 799 3165 occasum
817 3099 986 3183 uergebat
1000 3108 1035 3165 et
1046 3098 1302 3185 praecipitabat,
1317 3098 1484 3183 diuinitus
1494 3116 1588 3186 pecu·

345 3214 428 3315 ‘nia
443 3213 547 3281 missa
569 3222 622 3281 est
642 3213 782 3278 domum
804 3213 941 3280 duobus
964 3236 984 3281 e
1008 3213 1103 3294 locis,
1130 3234 1198 3301 qua
1221 3215 1391 3301 praesenti
1413 3213 1585 3283 necessitat

370 3328 634 3416 prospiceretur.
654 3329 839 3397 Profectus
855 3350 931 3396 sum
948 3352 1016 3417 ego
1032 3351 1150 3397 mense
1167 3329 1328 3397 Octobris
1343 3329 1379 3397 in
1392 3329 1587 3405 Flandriarn,

371 3458 406 3513 et
421 3466 539 3513 mense
558 3444 681 3513 Martio
701 3445 854 3531 proxime
874 3446 1044 3530 sequenti,
1070 3467 1150 3512 cum
1174 3467 1235 3513 sex
1258 3420 1427 3515 mensium
1451 3445 1584 3532 spatium

371 3570 431 3627 aut
446 3559 619 3629 affluxisse
636 3560 702 3626 iam
718 3571 778 3629 aut
795 3570 956 3647 appetere
973 3561 1158 3642 uideretur,
1177 3563 1222 3628 ad
1237 3560 1414 3628 dominum
1436 3560 1585 3630 Olauium

371 3675 491 3762 scripsi
508 3685 546 3741 ut
562 3696 616 3743 me
632 3677 675 3743 de
692 3675 739 3743 rei
755 3676 850 3743 exitu
867 3677 996 3745 iaceret
1011 3676 1202 3747 certiorem.
1222 3680 1323 3763 Quae
1333 3678 1392 3747 ille
1404 3689 1489 3759 tum,
1507 3681 1589 3745 Deus

371 3791 474 3871 bone,
493 3791 536 3857 ad
553 3811 609 3856 me
625 3790 809 3877 rescripsit,
828 3814 931 3877 quam
947 3794 1117 3879 stupenda
1131 3804 1167 3861 et
1181 3796 1256 3861 Deo
1267 3793 1385 3881 digna!
1404 3794 1514 3862 Pridie
1524 3794 1585 3860 eius

371 3906 450 3989 diei,
466 3926 567 3991 quam
585 3930 605 3973 a
621 3927 675 3972 me
692 3906 824 3976 litteras
840 3909 1044 3996 accepisset,
1057 3930 1127 3975 non
1140 3908 1314 3976 minimam
1327 3911 1492 3996 pecuniae
1506 3930 1587 3976 sum-

372 4044 462 4089 mam
480 4024 623 4089 Romam
645 4044 706 4107 pro
728 4023 936 4092 eleemosina
962 4024 1109 4105 uenisse,
1135 4024 1298 4094 maiorem
1321 4026 1474 4111 quotidie
1494 4044 1585 4110 expe·

372 4136 471 4218 ctari,
489 4158 548 4203 aes
563 4137 712 4205 alienum
729 4160 856 4225 magna
868 4162 911 4207 ex
923 4153 1018 4226 parte
1030 4139 1248 4222 dissolutum,
1263 4144 1402 4211 Patrem
1416 4142 1585 4209 Polancum

373 4274 415 4320 ex
431 4252 602 4337 angustiis
618 4253 740 4321 exiisse
757 4267 792 4323 et
808 4254 973 4323 solutiore
989 4255 1103 4322 animo
1118 4277 1206 4337 esse,
1226 4278 1280 4325 res
1301 4278 1420 4324 omnes
1439 4259 1541 4325 fluere
1560 4264 1587 4318 et

374 4388 478 4454 supra
494 4367 688 4453 opinionem
705 4369 869 4451 omnium,
889 4393 991 4455 quam
1007 4394 1159 4458 unquam
1175 4383 1288 4454 antea,
1306 4372 1478 4460 copiosius
1492 4375 1585 4439 abun-

373 4483 466 4551 dare.
491 4482 639 4551 Litteras
656 4485 770 4553 Olauii
792 4485 1006 4555 intercidisse
1026 4488 1137 4569 dole0‚
1156 4487 1306 4575 alioquin
1330 4487 1387 4556 hic
1407 4488 1585 4557 insererem.

437 4600 490 4683 38.
542 4598 724 4686 Agebatur
739 4600 783 4668 de
799 4601 1007 4687 obedientia,
1027 4625 1129 4690 quam
1145 4602 1378 4691 superioribus
1398 4604 1519 4672 nostris
1536 4621 1581 4670 er·
