3500 5367
335 516 516 571 Rrseousto
537 514 570 571 Ρ.
590 514 740 569 Muharur
759 526 801 569 nu
822 515 855 568 P.
877 514 1019 570 Lascrcu
1039 527 1227 571 rosrutarn
1309 526 1364 587 515

159 670 361 755 reprimere,
375 680 413 735 vt
426 690 494 735 non
507 678 701 753 erumperet
714 668 815 749 foras3
830 668 872 735 de
885 676 1022 755 caetero
1040 689 1108 733 non
1121 677 1233 735 essem
1250 670 1400 737 multutn

157 785 344 853 sollicitus.

237 918 250 969 t
256 916 290 987 5.
337 900 468 969 Audiui
494 922 564 967 non
591 900 697 969 semel
715 901 861 967 'beatam
883 898 975 967 illam
990 899 1139 969 animam
1160 901 1301 985 dixisse,
1335 924 1397 972 ex-

159 1030 286 1105 optare
297 1040 334 1086 se
346 1029 385 1084 vt
395 1016 553 1086 homines
568 1016 751 1086 Societatis
763 1015 812 1085 ita
823 1015 1010 1102 comparati
1027 1028 1155 1099 essent,
1171 1030 1221 1100 vt,
1235 1019 1280 1085 ad
1291 1016 1399 1087 instar

156 1135 379 1221 angelorum,
397 1156 435 1201 se
450 1143 554 1213 totos,
568 1142 603 1199 et
620 1154 688 1218 qua
705 1144 846 1219 possent
859 1132 1004 1199 caritate
1019 1154 1060 1199 ac
1076 1132 1204 1217 studi0,
1222 1117 1399 1221 impende-

157 1260 241 1316 rent
256 1251 431 1317 curandae
447 1248 551 1316 saluti
567 1259 601 1317 et
616 1247 786 1335 profectui
803 1248 1048 1336 proximorum,
1063 1260 1099 1317 et
1115 1260 1152 1315 vt
1173 1249 1399 1317 nihilominus

159 1377 346 1433 seruarent
362 1386 400 1431 se
416 1364 555 1431 omnino
570 1362 761 1433 immobiles
777 1384 818 1430 ac
833 1372 1044 1445 constantes,
1060 1366 1189 1433 nullam
1201 1368 1247 1432 ob
1258 1389 1332 1435 rem
1343 1365 1399 1432 in·
1427 1410 1430 1415 ‹

161 1482 338 1551 eicientem
354 1482 524 1548 turbando
540 1478 682 1566 seipsos
701 1476 803 1547 sicuti
816 1479 945 1566 angeli,
959 1479 994 1546 in
1008 1502 1096 1565 quos
1109 1482 1203 1548 nulla
1214 1482 1306 1548 cadit
1319 1454 1411 1569 pass

156 1596 293 1665 sinaut
309 1594 531 1683 perturbatio,
550 1596 631 1663 licet
646 1594 729 1662 nihil
748 1594 920 1676 omittant,
938 1597 1030 1681 quod
1046 1595 1178 1682 possint
1193 1584 1229 1663 et
1251 1598 1401 1665 debeant

160 1714 209 1778 ad
222 1710 388 1779 auxilium
401 1721 436 1779 et
448 1711 637 1797 proiectum
651 1720 806 1777 nostrum
815 1710 1039 1797 spiritualem,
1053 1710 1273 1781 serenitatem
1284 1724 1400 1781 tamen

160 1848 338 1897 summam
354 1826 389 1893 in
401 1849 443 1894 -se
459 1836 601 1895 seruant
620 1848 767 1913 semper,
785 1824 942 1895 videntes
959 1826 1079 1893 faciem
1098 1827 1211 1895 Patris
1226 1828 1398 1908 coelestis,

163 1964 374 2030 semperque
401 1965 443 2009 eo
469 1944 685 2029 perfruentes
716 1943 845 2026 absque
880 1944 949 2009 vlla
975 1942 1029 2009 sui
1054 1942 1305 2040 inordinatione
1338 1966 1399 2014 seu

167 2059 439 2145 perturbatione.

239 2174 293 2243 16.
341 2174 488 2241 Dicebat
509 2173 592 2240 nihil
620 2159 718 2241 nobis
745 2194 821 2240 esse
848 2176 1022 2262 agendum
1050 2174 1195 2242 alicuius
1212 2176 1399 2254 momenti,

160 2290 252 2377 quin
270 2290 363 2377 prius
379 2311 439 2376 per
456 2290 660 2377 peculiarem
677 2310 853 2357 recursum
870 2292 914 2357 ad
930 2293 1055 2370 Deum,
1069 2302 1105 2358 et
1120 2293 1242 2359 saltem
1258 2294 1400 2361 breuem

166 2405 295 2475 mentis
310 2405 550 2489 eleuationem,
569 2410 675 2473 aDeo
691 2405 871 2472 consilium
889 2406 1162 2493 imploraremus,
1175 2408 1278 2475 sicuti
1295 2430 1316 2475 a
1333 2408 1380 2474 Pa
1395 2446 1400 2456 ·

164 2534 218 2590 tre
235 2521 367 2608 optimo
383 2532 418 2588 ct
429 2520 693 2609 sapientissimo,
707 2521 906 2589 collocando
919 2520 954 2588 in
965 2543 1008 2589 eo
1021 2514 1291 2591 totam'nostram
1308 2524 1398 2589 fidu-

161 2639 269 2721 ciam;
288 2658 357 2723 quo
372 2638 475 2717 lactc,
493 2647 529 2703 et
545 2635 661 2703 audito
677 2634 759 2721 quid
775 2636 810 2703 in
827 2636 927 2703 nobis
942 2639 1078 2704 locutus
1094 2637 1138 2704 sit
1151 2638 1332 2721 Dominus,
1348 2638 1402 2704 fa-

163 2754 331 2823 ciendum
349 2754 440 2837 quod
456 2754 632 2821 docemur.

237 2885 291 2953 17.
339 2870 429 2935 Cum
446 2867 583 2954 quidam
596 2870 638 2935 de
655 2868 792 2951 nostris,
806 2868 907 2935 cuius
921 2892 1044 2937 nomen
1057 2868 1140 2936 mihi
1152 2869 1291 2951 excidit,
1307 2872 1399 2957 apud

166 2986 283 3072 ipsum
304 2996 516 3070 quereretur,
545 2985 637 3069 quod
658 2985 701 3051 ab
721 2984 886 3066 externis,
910 2984 1066 3071 quicum
1087 2986 1208 3081 crebro
1228 2987 1402 3053 vocabant

163 3102 211 3169 ad
228 3110 376 3187 portam,
399 3097 620 3185 impediretur
645 3122 665 3168 a
692 3098 935 3168 coniunctione
962 3100 1124 3170 interiore
1149 3122 1230 3168 cum
1251 3093 1338 3183 Deo,
1361 3124 1402 3167 ac

161 3217 317 3283 multum
341 3215 590 3308 distraheretur
610 3214 736 3295 anima,
767 3215 954 3303 respondit:
985 3216 1055 3301 Qui
1071 3218 1115 3283 ad
1136 3226 1170 3284 te
1198 3239 1261 3303 pro
1277 3218 1403 3283 auxilio

159 3353 230 3398 seu
244 3330 481 3398 consulatione
493 3328 661 3415 spirituali
672 3326 859 3411 accedunt,
879 3353 1010 3419 magna
1025 3354 1086 3400 eos
1104 3325 1248 3401 caritate
1268 3332 1401 3420 excipe;

162 3448 230 3514 scd
246 3446 428 3532 praemitte
443 3466 589 3533 semper,
614 3456 794 3532 postquam
815 3439 959 3514 vocatus
979 3470 1030 3529 es,
1048 3438 1103 3515 vel
1124 3448 1215 3517 inter
1235 3450 1400 3526 eundum,

159 3561 359 3631 orationem
376 3560 524 3646 aliquam
546 3560 791 3642 iaculatoriam,
810 3582 937 3649 rogans
953 3565 1078 3644 Deum,
1096 3574 1135 3630 vt
1151 3564 1402 3631 animamillam

166 3700 230 3765 per
245 3688 282 3746 te
302 3676 316 3717 ⁶
333 3678 496 3763 dignetur
516 3677 648 3757 iuuare,
672 3688 775 3763 atque
798 3678 965 3764 deinceps
981 3700 1100 3747 omnes
1127 3678 1354 3766 cogitationes
1370 3696 1404 3746 et

159 3812 345 3862 sermones
361 3803 439 3858 tuos
455 3814 497 3859 eo
512 3792 642 3871 confer,
662 3802 698 3857 vt
714 3794 936 3861 accedentem
952 3792 1053 3861 iuues
1073 3794 1107 3860 in
1124 3793 1259 3880 spiritu,
1283 3807 1403 3869 etnon

161 3907 371 3975 distraheris
398 3906 575 3987 inutiliter,
605 3908 666 3977 sed
695 3906 852 3993 proficies
880 3908 1003 3995 magis.
1030 3911 1133 3993 Quod
1162 3910 1190 3976 si
1220 3921 1254 3976 te
1270 3932 1341 3977 non
1358 3910 1405 3977 ita

161 4024 397 4092 coniunctum
414 4042 493 4089 cum
521 4024 595 4089 Deo
623 4024 772 4091 senseris
799 4036 836 4089 vt
852 4035 933 4092 ante
948 4037 983 4091 et
1010 4037 1022 4064 ⁸
1039 4025 1074 4090 in
1090 4026 1218 4110 quiete,
1237 4048 1307 4092 non
1331 4026 1342 4066 r
1359 4028 1406 4093 sis
1432 4030 1436 4037 ’

164 4150 350 4227 propterea
366 4138 500 4217 anxius,
531 4138 610 4223 quia
637 4137 814 4205 distractio
839 4139 896 4205 illa
918 4161 984 4206 non
1014 4140 1077 4209 erit
1099 4130 1165 4206 tibi
1184 4141 1404 4222 detriment0,

157 4277 258 4341 quae
286 4264 423 4341 propter
443 4252 507 4319 Dei
536 4252 679 4340 gloriam
707 4254 905 4340 suscipitur.
929 4255 991 4323 Sin
1013 4256 1180 4323 accedant
1197 4268 1234 4322 vt
1255 4258 1406 4325 referant

163 4394 274 4449 noua,
291 4370 402 4435 velut
425 4370 668 4454 colloquantur
690 4370 733 4436 de
756 4371 859 4436 rebus
880 4367 951 4437 non
970 4370 1123 4451 utilibus,
1150 4372 1336 4456 prudenter
1351 4372 1406 4437 in-

160 4509 253 4574 gere
273 4485 340 4551 illis
367 4506 560 4552 sermonem
588 4486 631 4551 de
660 4497 780 4568 morte,
810 4486 853 4552 de
882 4485 1012 4571 pcccati
1036 4486 1252 4569 enormitate,
1281 4489 1325 4554 de
1340 4488 1407 4554 Dei

160 4600 375 4681 offensione,
393 4600 438 4665 de
457 4600 597 4681 iudicia,
616 4602 660 4669 de
678 4600 818 4701 'inferno
834 4613 860 4682 ⁸,
880 4602 924 4669 de
945 4602 1101 4669 examine
1122 4602 1352 4668 conscientiae
1372 4616 1408 4669 et

223 4736 367 4806 dperse.
408 4748 455 4776 -θ
475 4740 505 4788 ct
520 4739 562 4789 ut.
605 4736 712 4791 dne.
752 4751 800 4788 -s
821 4734 1011 4791 Desuutduo
1021 4734 1238 4807 praeualentis
1252 4736 1353 4790 verba.
1456 4736 1461 4744 ’
