3500 5367
343 492 399 546 830
728 492 935 546 2202222222
956 491 1135 547 lunisiana
1239 534 1240 537 ,

343 644 394 717 qui
407 644 588 701 Societatem
601 644 756 716 expetunt,
773 652 900 715 utroque
989 644 1126 715 subprior
1154 644 1292 701 coenobii
1317 644 1375 699 sti.
1392 646 1548 717 ,Stephani

304 734 307 741 '
345 732 419 805 pede
432 750 484 789 eos
498 733 613 805 ingredi
623 741 747 806 oportet,
758 731 900 788 obedien·
989 732 1233 800 salmanticensis,
1247 744 1293 801 75.

345 820 901 885 tiascilicetintellectusetvoluntatis,
953 818 1058 891 Sousa,
1072 838 1091 873 v
1115 818 1199 878 Sosa.

346 912 408 983 4783
423 910 565 967 Societati
584 911 684 967 idonei
702 926 760 964 non
778 925 900 965 censen·
952 908 1038 983 Spira
1051 910 1197 983 (Speyer),
1216 926 1297 987 opp,
1320 924 1382 981 227,
1404 922 1466 979 252,
1487 914 1550 983 epi·

346 1012 403 1072 tur,
426 1000 476 1074 qui
498 1000 557 1057 sibi
580 1007 694 1056 tanturn
713 1015 820 1054 vacare
839 1006 900 1053 stu·
989 1015 1106 1072 scopus,
1122 1018 1153 1055 v.
1172 1000 1366 1059 Flersheim..

341 1088 426 1157 dent,
447 1088 509 1160 2323
527 1088 579 1161 qui
598 1086 738 1162 proximis
759 1085 900 1159 prodesse
953 1084 1081 1159 Spiritus
1093 1105 1110 1143 a
1123 1088 1273 1145 societate
1285 1090 1406 1145 alienus
1424 1086 1549 1145 damna·

347 1191 403 1233 nnn
427 1178 551 1250 possint,
572 1189 636 1247 4273
657 1176 707 1249 qui
726 1175 847 1231 talentis
868 1183 899 1229 et
989 1184 1037 1231 tur
1050 1176 1080 1231 in
1093 1177 1211 1247 nostris,
1225 1176 1289 1247 365,
1300 1170 1366 1249 420,
1380 1192 1444 1247 422.

312 1276 326 1305 -’“
347 1266 583 1322 virtutecareaut
593 1266 665 1321 utin
676 1264 773 1320 medio
781 1264 900 1319 saeculo
953 1264 1055 1333 stalla,
1071 1266 1280 1339 Hieronymus,
1296 1267 1439 1323 Societati
1451 1266 1549 1339 ¹lauet,

347 1356 422 1411 bene
436 1356 550 1427 vivant,
560 1352 625 1424 437,
634 1366 697 1425 445;
709 1353 787 1427 quia
800 1353 898 1408 Socie·
988 1352 1054 1425 370,
1067 1367 1129 1424 747,
1144 1368 1207 1424 750.

346 1454 406 1500 tate
419 1446 512 1500 semel
531 1444 642 1515 delicit,
662 1461 738 1513 raro,
758 1443 785 1498 si
797 1460 899 1498 rursus
952 1442 1056 1512 Stalla,
1072 1444 1258 1517 Laurentius,
1276 1446 1340 1515 403.

342 1534 526 1605 admittatur,
544 1534 572 1588 in
586 1550 622 1588 ea
635 1540 816 1607 perseverat,
832 1530 896 1607 3873
952 1532 1099 1603 Stambul,
1113 1552 1142 1589 ν.
1156 1534 1441 1609 Constantinopolis.

344 1622 695 1695 Societasuniversapost
706 1622 812 1693 Ignatii
824 1638 899 1677 mor·
953 1619 1103 1677 Stationes
1125 1632 1240 1695 septem
1266 1624 1372 1691 Urbis,
1397 1626 1545 1697 quomodo

346 1723 405 1765 tem
419 1728 529 1767 novum
543 1713 630 1767 robur
643 1712 684 1767 ob
696 1712 775 1766 illius
794 1710 898 1765 merita
989 1711 1153 1781 obeundae,
1168 1714 1232 1785 258,
1247 1726 1310 1783 250,
1326 1714 1387 1783 268,
1403 1714 1468 1783 48ος
1484 1716 1544 1787 ple·

345 1800 464 1872 accipit,
478 1809 509 1856 et
523 1800 729 1872 amplificatur,
748 1811 812 1871 4743
826 1817 899 1871 quo·

347 1890 432 1945 modo
469 1890 628 1946 Societatis
664 1888 774 1945 alumni
816 1890 897 1958 olim,

315 1990 317 1994 ·
344 1980 455 2034 omisso
467 1980 548 2035 omni
560 1980 679 2035 honoris
693 1979 789 2049 titulo,
800 1980 898 2051 appel·

346 2069 492 2135 labantur,
506 2068 569 2137 478,
581 2081 644 2139 4793
656 2067 814 2123 Societatis
825 2069 897 2138 Jesu

347 2156 431 2228 primi
445 2155 571 2223 sodales,
586 2156 631 2225 87,
645 2170 709 2211 220.

310 2247 462 2316 Socotora,
477 2246 620 2316 ins.,742.
732 2284 735 2289 ·

988 1807 1107 1856 ctuntur
1128 1802 1189 1873 qui,
1212 1817 1263 1857 eas
1286 1802 1444 1869 visitaturi,
1465 1820 1545 1857 enm·

990 1897 1117 1945 meatum
1133 1890 1170 1945 ad
1187 1890 1361 1963 reficiendas
1384 1892 1412 1947 in
1436 1892 1544 1947 itinere

990 1976 1068 2033 vires
1081 1994 1181 2033 secum
1198 1978 1380 2049 detulerunt,
1393 1978 1458 2049 363,
1480 1978 1542 2049 364,

988 2079 1050 2137 4¹4,
1066 2079 1129 2136 4¹5·

953 2154 1143 2225 Steinhuber,
1158 2156 1190 2211 P.
1207 2156 1351 2229 Andreas,
1368 2158 1398 2213 S.
1419 2161 1463 2229 J.,
1482 2176 1541 2213 car·

988 2243 1104 2315 dinalis,
1118 2246 1233 2318 script,
1249 2248 1309 2303 262.

308 2336 470 2406 Soldevila,
484 2336 518 2390 P.
531 2335 689 2404 Antonius,
704 2336 735 2390 S.
755 2338 795 2407 J.,
816 2353 897 2407 pere·
952 2335 1131 2407 Stephanus,
1157 2336 1275 2399 natione
1297 2354 1467 2408 germanus,
1491 2336 1541 2391 80

344 2425 432 2496 grino
454 2423 570 2496 spiritu,
588 2440 605 2478 a
625 2423 775 2479 Societate
787 2425 897 2495 alieno,
988 2422 1105 2479 cietatis
1118 2421 1303 2493 candidatus,
1318 2438 1380 2494 224,
1394 2424 1458 2495 329.

344 2512 482 2582 ducitur,
515 2524 563 2581 177
576 2536 583 2585 ;
610 2512 836 2585 reprehenditur
860 2515 898 2568 ab
952 2510 1060 2567 Storta.
1076 2513 1109 2567 ln
1123 2514 1231 2568 sacello
1245 2513 1303 2568 vici
1316 2512 1432 2569 Stortae
1447 2516 1541 2569 caele·

303 2613 306 2625 ·
344 2602 471 2673 ignatio,
488 2613 548 2671 177,
563 2600 621 2672 178,
635 2598 697 2670 5183
712 2601 898 2674 emendatus,
988 2600 1027 2655 sti
1060 2600 1243 2674 apparitione
1275 2600 1388 2658 Christi
1418 2602 1540 2659 ferentis

344 2691 376 2747 lit
398 2691 533 2751 minister
555 2690 671 2762 domus,
693 2691 753 2759 1783
774 2691 897 2763 Neapoli
988 2706 1105 2745 cruceni
1118 2686 1257 2761 dignatur
1270 2690 1413 2763 ignatius,
1426 2705 1492 2766 507,

342 2798 428 2836 casus
447 2780 648 2839 eonscientiae
669 2778 810 2852 explicat,
835 2780 894 2849 178.
953 2776 1058 2835 suada
1073 2778 1120 2847 (de
1138 2780 1284 2849 Estrada),
1298 2782 1331 2834 P.
1354 2781 1538 2849 Franciscus,

306 2869 491 2925 Sollicitudo.
515 2870 587 2924 Vult
609 2868 743 2940 Ignatius
765 2877 799 2923 ut
818 2870 897 2942 quis·
989 2868 1021 2924 S.
1040 2870 1079 2940 J.,
1094 2869 1139 2938 963
1153 2870 1295 2926 exercitia
1307 2870 1471 2943 spiritualia
1485 2870 1540 2942 pri·

341 2976 398 3029 que
420 2958 457 3013 de
480 2975 513 3013 se
531 2957 760 3015 sollicitudinem
777 2958 897 3029 abjiciat
989 2974 1053 3013 mae
1078 2957 1280 3014 hebdomadae
1299 2959 1400 3029 judice
1425 2958 1540 3029 ignatio

341 3064 374 3101 ac
384 3063 418 3101 se
431 3046 575 3119 superiori
585 3062 639 3102 suo
649 3046 768 3101 omuino
779 3047 897 3117 permit·
987 3056 1068 3103 recte
1080 3046 1179 3117 tradit,
1193 3048 1255 3103 263.

341 3148 394 3210 tat,
407 3138 472 3209 430,
484 3138 549 3209 432.
953 3134 1088 3193 Studium
1102 3138 1293 3195 humanitatis
1307 3140 1538 3207 commendatur,

305 3228 482 3284 Sommalius
495 3228 662 3301 (80202021),
681 3229 714 3283 P.
738 3230 896 3301 Henricus,
986 3225 1051 3295 448;
1065 3228 1095 3282 in
1109 3226 1220 3283 eisdem
1232 3227 1358 3285 solidum
1369 3228 1540 3285 fundamen·

341 3316 372 3370 S.
388 3318 430 3388 J.,
444 3329 507 3384 512.
988 3325 1049 3371 turn
1060 3314 1242 3386 J'aciendum,
1257 3318 1319 3385 282,
1331 3316 1397 3388 432,
1410 3318 1473 3387 480.

305 3407 432 3462 Somnus
446 3407 495 3461 vel
507 3406 604 3479 quies.
622 3406 791 3462 Nocturnae
802 3408 896 3482 quieti
952 3404 1110 3460 Suarezius
1129 3404 1275 3475 (822222),
1298 3405 1331 3461 P.
1355 3406 1535 3464 Franciscus.

341 3504 456 3567 septem
470 3497 559 3550 horae
573 3494 760 3566 tribuendae,
773 3495 837 3566 483.
987 3488 1019 3543 S·
1034 3492 1053 3560 J
1056 3530 1075 3557 ·‚
1089 3490 1193 3546 doctor
1204 3491 1342 3561 eximius,
1357 3492 1403 3562 26,
1416 3488 1481 3547 332.

306 3585 451 3655 sorbonn,
468 3583 618 3639 academia
636 3585 802 3655 theologica
821 3585 896 3657 μή.
950 3575 1104 3636 Subditus.
1118 3578 1261 3635 Subditos
1275 3580 1396 3635 nolebat
1409 3580 1537 3651 Iguuius

339 3672 462 3743 aiensis,
487 3672 640 3727 decretum
665 3672 728 3729 edit
752 3670 896 3728 adversus
985 3667 1124 3739 compelli
1153 3668 1190 3722 ad
1215 3666 1363 3737 agendum
1382 3678 1536 3741 praecepto

336 3761 532 3832 Societatem,
560 3762 622 3828 216,
650 3774 713 3831 227,
741 3774 805 3831 221,
831 3760 895 3831 239,
986 3751 1398 3823 sanctaeohedlenriae,466.

340 3852 410 3916 2623
438 3850 535 3906 eidem
561 3849 696 3905 modeste
722 3849 895 3922 responderi
951 3840 1160 3897 subordinatio
1184 3843 1283 3913 magni
1304 3842 1450 3913 iacienda,
1476 3854 1534 3912 517.

341 3940 562 4011 vultlgnatiua,
580 3954 643 4009 224,
665 3953 727 4009 225,
748 3951 808 4010 ²27,
830 3939 894 4009 375,
951 3929 1135 4003 Superiores.
1159 3932 1367 4003 Superioribus
1392 3931 1536 3989 immedia-

338 4026 402 4098 370.
987 4020 1025 4075 tis
1038 4020 1312 4092 obtemperandum,
1328 4020 1391 4091 2843
1410 4022 1535 4095 superio-

986 4124 1033 4163 res
1048 4108 1173 4180 majores
1186 4108 1250 4165 sive
1262 4108 1383 4165 mediati
1394 4128 1431 4165 ne
1441 4109 1533 4166 omnis

294 4204 454 4272 Serianus,
468 4204 568 4274 Pater,
582 4202 614 4263 S.
630 4206 670 4276 J.,
687 4217 732 4259 22.
987 4202 1081 4258 velint
1105 4219 1158 4275 per
1182 4204 1359 4275 semetipsos
1383 4202 1534 4276 disponere

283 4328 288 4343 .’
300 4294 375 4349 8022
401 4293 544 4365 (80222),
569 4294 602 4348 P.
627 4296 769 4365 Joannes,
793 4294 824 4348 S.
852 4296 894 4364 J.,
985 4301 1036 4347 aut
1049 4308 1148 4364 agere,
1163 4292 1217 4347 sed
1229 4310 1282 4365 per
1294 4292 1478 4350 immediatos
1490 4308 1533 4346 sn·

336 4394 401 4451 740.
985 4380 1115 4457 periores
1126 4388 1231 4452 regant
1241 4398 1310 4442 suos
1321 4380 1532 4451 subditos,285;

301 4470 390 4525 80222
418 4468 470 4541 (de
496 4468 605 4540 Soto),
632 4469 681 4523 Fr.
707 4467 891 4538 Dominicus,
986 4469 1121 4542 placebat
1135 4469 1251 4547 Ignatio
1264 4478 1297 4526 ut
1314 4471 1480 4548 superiores
1497 4472 1532 4525 lo·

337 4556 375 4616 Ο.
391 4559 438 4627 Ρ.,
452 4570 499 4627 70.
984 4558 1063 4613 cales
1073 4558 1186 4637 sallent
1194 4558 1331 4631 collegia,
1342 4558 1533 4633 quibusprae·

300 4646 392 4702 Solus
405 4646 456 4715 (de
468 4646 561 4717 Sota),
582 4648 630 4701 Fr.
647 4646 764 4715 Petrus,
785 4645 822 4704 Ο.
847 4647 890 4715 Ρ.,
984 4633 1075 4719 erant,
1102 4649 1180 4703 bene
1200 4664 1267 4704 esse
1285 4642 1457 4719 constituta,
1474 4660 1531 4717 524;

273 4128 277 4139 ·
300 4118 387 4172 Soria
400 4116 484 4187 Vela,
500 4116 641 4173 Melchior
654 4116 703 4186 de,
718 4130 781 4187 529.
