3500 5367
341 462 565 518 Mauoaanum
585 474 627 519 na
646 462 677 519 S.
698 464 833 521 lonnrro
853 479 873 521 11
893 466 924 521 Ρ.
946 466 1289 523 Lauc1ctocoa11tcaa
1343 460 1393 532 5³1

186 614 314 684 omnia
329 614 419 681 dicta
436 614 597 701 factaque
612 614 736 702 ignatii
752 616 887 685 curiose
903 618 1104 686 obseruaret
1121 626 1156 687 et
1171 616 1214 683 ad
1229 637 1267 683 se
1282 614 1433 701 diligen·

187 743 250 800 ter
266 729 527 818 perscriberet,»
542 730 830 816 quemadmodum
843 731 963 809 scribit
974 731 1225 818 Ribadeneyra,
1238 732 1263 797 l.
1277 749 1313 814 4,
1326 752 1359 797 c.
1378 748 1431 813 173

186 846 324 915 deinde
343 867 470 933 magna
492 844 615 926 officia,
634 866 723 931 quae
745 846 781 913 in
797 847 972 917 Societate
998 870 1078 915 cum
1094 848 1196 915 laude
1218 845 1341 927 obiuit,
1359 856 1433 912 tum

194 962 342 1029 uiuente
358 962 397 1031 S.
414 962 561 1048 ignatio,
580 972 653 1027 turn
675 971 752 1048 post
772 961 847 1031 eius
867 976 1024 1045 mortem,
1047 986 1207 1050 magnam
1228 962 1260 1030 ei
1279 963 1383 1029 fidem
1400 972 1435 1031 et

187 1076 443 1146 authoritatem
458 1077 579 1144 merito
607 1076 788 1145 conciliare
807 1079 948 1160 debent,
971 1078 1117 1164 ideoque
1140 1102 1160 1146 a
1181 1078 1306 1147 nostris
1326 1077 1436 1145 histo·

198 1192 281 1261 ricis
293 1194 497 1261 celebratur:
512 1214 532 1259 a
545 1191 795 1278 Ribadeneyra,
809 1193 832 1259 l.
851 1213 884 1276 4,
899 1215 932 1293 c.
951 1214 1002 1279 173
1017 1194 1167 1276 Mallem,
1181 1195 1205 1259 l.
1222 1214 1254 1278 3,
1270 1215 1301 1260 c.
1317 1194 1350 1275 6;
1367 1193 1438 1260 Or-

198 1308 356 1389 landino,
374 1308 397 1374 1.
417 1325 450 1391 7,
469 1330 504 1375 n.
523 1309 580 1391 65,
597 1323 632 1377 et
652 1310 675 1375 l.
695 1309 728 1389 8,
746 1332 781 1375 n.
801 1310 843 1375 88
860 1322 895 1379 et
911 1333 967 1398 90,
985 1323 1021 1381 et
1036 1312 1059 1379 1.
1082 1329 1132 1389 12,
1150 1334 1182 1377 n.
1203 1327 1257 1393 57,
1279 1319 1315 1376 et
1336 1310 1360 1375 l.
1384 1326 1436 1391 14,

201 1448 238 1491 n.
257 1444 292 1506 4,
310 1425 385 1491 etl.
405 1425 457 1504 16,
475 1432 510 1491 h.
535 1424 594 1508 38;
618 1434 653 1491 et
673 1423 858 1493 Francisco
879 1426 1063 1504 Sacchino,
1085 1426 1238 1493 secunda
1259 1435 1356 1511 parte
1372 1422 1440 1491 Hi-

197 1540 329 1609 storiae
345 1538 539 1619 Societatis,
557 1540 580 1605 1.
605 1558 638 1621 2,
656 1562 692 1605 n.
711 1542 767 1623 46.
787 1540 879 1607 Hinc
901 1534 1099 1645 factumlest
1120 1553 1172 1621 ut,
1194 1543 1276 1609 dum
1298 1562 1439 1626 proces-

199 1678 266 1725 sus
281 1654 490 1723 authoritate
505 1654 597 1723 sedis
617 1656 823 1741 apostolieae
839 1658 962 1725 fierent
976 1657 1012 1724 in
1028 1656 1196 1743 Hispania
1215 1678 1276 1742 pro
1296 1654 1441 1723 canoni-

203 1770 342 1839 zatione
358 1771 395 1839 S.
414 1768 538 1856 Ignatii
554 1790 615 1857 per
630 1770 757 1851 literae,
775 1784 811 1836 ut
828 1784 966 1851 uocant,
980 1770 1270 1855 compulsoriales,
1286 1792 1307 1835 a
1322 1791 1441 1837 sacrae

204 1896 303 1953 rotae
324 1906 485 1952 romanae
505 1884 718 1957 auditoribus
737 1885 944 1953 authoritate
972 1886 1158 1973 apostoliea
1185 1886 1318 1966 missas,
1336 1884 1440 1951 etiam

205 2006 275 2069 hoc
290 2000 457 2079 Diarium,
475 2023 495 2067 a
512 2003 553 2070 Ρ.
572 2001 745 2097 Consaluo
760 2002 1006 2088 conscriptum,
1025 2002 1191 2069 insertum
1207 2001 1222 2040 ¹²
1239 2000 1342 2068 suerit
1358 2001 1442 2067 Pro·

204 2115 335 2197 cessui,
354 2129 517 2201 tanquam
533 2118 731 2183 conducens
747 2117 790 2184 ad
807 2119 1075 2204 promouendam
1096 2119 1134 2187 S.
1153 2116 1277 2204 Ignatii
1299 2116 1445 2213 canoni-⁴

208 2232 396 2301 zationem.
449 2240 453 2249 '

280 2349 377 2428 Item,
395 2345 465 2433 legi
480 2346 751 2415 exhortationem
768 2347 912 2435 primam
933 2352 975 2417 P.
998 2347 1203 2436 Hyeronimi
1224 2348 1369 2428 Natalis,
1393 2348 1445 2416 fa·

200 2476 303 2531 ctam
321 2464 363 2529 ad
384 2473 524 2530 nostros
544 2464 798 2550 complutenses
817 2464 853 2531 in
881 2464 1061 2551 Hispania,
1090 2465 1126 2530 in
1153 2486 1234 2549 qua,
1259 2463 1387 2550 pagina
1412 2484 1443 2547 3,

209 2582 298 2649 haec
314 2578 412 2647 dixit:
433 2600 509 2646 «res
525 2578 709 2652 Societatis
726 2578 921 2648 immediate
936 2581 1106 2648 reuelatas
1121 2602 1198 2647 esse
1213 2603 1232 2646 a
1253 2583 1329 2647 Deo
1350 2578 1448 2647 Patri

211 2706 334 2763 nostro
356 2693 519 2781 ignatio.»
543 2695 643 2779 Quae
665 2696 770 2761 uerba
791 2696 907 2783 magni
923 2695 1093 2763 'momenti
1120 2707 1213 2778 sunt,
1244 2718 1264 2762 a
1288 2694 1347 2761 tali
1370 2693 1450 2760 uiro

205 2812 360 2899 ¹·prolata3
385 2822 457 2875 tum
481 2810 562 2895 quia
583 2810 648 2877 fuit
669 2810 809 2877 intimus
829 2813 866 2881 S.
881 2784 1020 2898 ¹Ignatii
1048 2812 1176 2894 sociuS,
1200 2822 1355 2878 maturus
1379 2810 1448 2875 iam

203 2928 375 2997 ..sacerdos
391 2925 597 2995 Societatem
614 2925 803 3011 ingressae,
822 2938 895 2993 tum
912 2927 991 3013 quia
1008 2926 1138 3013 primus
1153 2907 1359 2995 e'Societate
1375 2927 1448 2991 ele-

210 3054 294 3109 ctus
310 3053 363 3109 est
379 3064 399 3109 a
415 3043 452 3109 S.
472 3040 620 3128 lgnatio,
638 3064 783 3127 eamque
801 3044 846 3108 ob
867 3064 1007 3111 causam
1026 3066 1046 3111 e
1067 3042 1183 3113 Sicilia
1198 3046 1341 3135 Romam
1362 3062 1449 3107 euo-

206 3169 327 3240 catus,
344 3168 383 3223 ut
400 3156 673 3226 Constitutiones
689 3157 883 3240 Societatis,
901 3160 945 3225 ab
966 3157 1100 3245 ignatio
1115 3160 1236 3239 factas,
1253 3179 1314 3244 per
1329 3158 1451 3227 Socie-

216 3285 320 3343 tatem
349 3273 583 3359 promulgaret
604 3274 655 3359 (ut
677 3272 796 3340 scribit
817 3274 1043 3355 Orlandinus,
1065 3297 1100 3340 n.
1121 3294 1175 3358 32,
1194 3274 1219 3343 l.
1245 3274 1308 3358 tal:
1328 3283 1362 3340 et
1389 3272 1450 3352 ita,

207 3388 531 3457 Constitutionibus
548 3410 568 3453 a
584 3389 620 3457 S.
640 3388 776 3476 Ignatio
793 3389 956 3476 acceptia,
974 3390 1010 3461 in
1026 3389 1177 3460 Siciliam
1194 3389 1306 3470 rediit,
1325 3410 1452 3473 easque

215 3505 264 3572 ibi
280 3502 513 3591 promulgauit
530 3504 629 3591 (teste
646 3504 848 3586 orlandino,
867 3506 890 3572 l.
913 3524 964 3585 12,
983 3529 1019 3574 n.
1035 3507 1100 3591 34).
1116 3508 1242 3575 Postea
1258 3506 1301 3572 ad
1313 3506 1451 3573 easdem

216 3621 499 3707 promulgandas
518 3641 608 3685 anno
624 3620 782 3705 sequenti
798 3620 1051 3687 commissarius
1066 3621 1102 3687 in
1119 3620 1320 3707 Hispaniam
1333 3630 1368 3688 et
1381 3622 1453 3687 Lu·

209 3734 376 3802 sitaniam
395 3757 413 3800 a
430 3734 467 3803 S.
487 3736 590 3802 Patre
607 3733 731 3801 missus
747 3746 799 3801 est
814 3756 913 3801 «cum
926 3736 1039 3822 ampla
1051 3747 1221 3822 potestate
1232 3735 1452 3815 decernendi,

217 3850 374 3929 iubendi,
394 3849 657 3917 constitutiones
673 3850 879 3937 corrigendi,
898 3850 1171 3937 immutandique
1191 3850 1357 3937 quidquid
1378 3874 1398 3919 e
1419 3872 1455 3916 rc

217 3966 337 4033 diuina
354 3964 598 4049 communique
614 3986 679 4031 usu
699 3966 810 4032 uisum
825 3976 936 4033 esset»
957 3972 1006 4053 (ut
1022 3979 1075 4035 est
1097 3967 1189 4053 apud
1211 3967 1453 4044 Orlandinum,

217 4084 242 4148 l.
268 4102 320 4165 13,
339 4104 373 4147 n.
393 4098 425 4163 7,
445 4081 576 4165 45,5o).
594 4083 768 4147 Reuersus
784 4104 825 4149 ex
849 4081 1027 4167 Hispania,
1047 4083 1199 4149 omnium
1218 4084 1287 4151 fere
1308 4104 1457 4149 consen-

213 4220 274 4278 su,
295 4198 460 4283 probante
477 4195 622 4281 Ignatio,
642 4197 772 4264 electus
788 4209 840 4263 est
856 4197 1007 4263 vicarius
1027 4199 1199 4284 generalis
1216 4198 1321 4265 totius
1337 4197 1458 4267 Socie-

221 4313 314 4392 tatis,
345 4333 423 4378 cum
452 4312 607 4397 [gnatius
633 4325 797 4399 aegrotus
824 4315 1045 4382 decumberet
1069 4325 1104 4381 et
1125 4337 1229 4400 aegre
1256 4314 1323 4380 iarn
1349 4313 1457 4380 uitam

219 4431 373 4497 traheret
391 4428 440 4513 (ut
456 4428 559 4493 habet
582 4428 805 4507 OrlandinuS,
824 4429 847 4494 l.
872 4448 922 4511 14,
941 4454 976 4496 n.
1005 4432 1067 4517 17).
1091 4434 1227 4498 Mortuo
1248 4432 1284 4498 S.
1299 4428 1457 4516 ignatio,

279 4680 294 4719 ¹¹
314 4676 461 4733 incertum
475 4693 531 4729 ms.
