3500 5367
537 501 628 556 Acrn
648 501 679 556 S.
701 500 822 556 Ionnrn
842 513 861 554 n
883 500 916 558 P.
936 499 1121 556 Cousnuvro
1358 509 1402 568 nr

204 666 244 726 et
261 653 440 725 uolendosi
457 653 624 722 imbarcar
640 676 701 742 per
718 653 826 720 uenir’
845 677 865 722 a
880 654 1040 735 Genoua,
1059 653 1082 720 li
1100 652 1216 722 deuoti
1238 654 1273 719 di
1294 653 1446 722 Valenza

203 775 242 840 lo
258 776 327 840 han
344 783 489 860 pregato
504 793 573 838 non
588 771 622 838 lo
645 771 786 852 facesse,
810 770 938 857 perche
959 769 1127 839 diceuano
1149 772 1215 836 che
1234 791 1293 836 era
1315 769 1445 850 Barba-

203 911 305 957 rossa
321 889 357 954 in
374 911 467 956 mare
484 910 550 956 con
565 886 670 955 molte
686 889 814 975 galero,
838 868 906 955 etc.
930 889 973 954 Et
994 898 1220 973 quantunque
1241 887 1345 953 molte
1365 907 1446 953 cose

201 1005 257 1092 gli
273 1005 458 1086 dicessem,
476 1003 626 1072 bastanti
642 1025 662 1071 a
678 1003 780 1092 fargli
796 1024 916 1090 paura,
934 1001 1189 1070 nientedimeno
1205 1000 1345 1069 nissuna
1363 1023 1445 1068 cosa

199 1122 242 1192 1ο
258 1121 334 1190 fece
350 1121 520 1190 dubitare.

275 1259 330 1326 91.
380 1241 423 1305 Et
442 1237 630 1307 imbarcato
650 1236 686 1303 in
707 1257 776 1304 una
797 1259 887 1306 naue
907 1238 1051 1324 grande,
1077 1241 1179 1324 passo
1204 1237 1236 1304 la
1260 1246 1439 1323 tempesta,

200 1356 297 1422 della
312 1356 413 1441 quale
428 1355 457 1421 si
473 1355 491 1422 ὲ
509 1354 593 1422 farta
609 1353 783 1423 mentione
799 1351 834 1420 di
850 1375 952 1441 sopra
968 1356 994 1435 ³,
1012 1355 1151 1440 quando
1169 1352 1197 1422 si
1221 1354 1240 1422 ὲ
1259 1353 1354 1421 detto
1375 1354 1442 1422 che

202 1472 245 1537 su
263 1481 315 1540 tre
330 1472 424 1539 uolte
439 1493 460 1537 a
476 1480 584 1558 punto
599 1469 635 1537 di
651 1481 772 1539 morte.

274 1585 438 1655 Arriuato
466 1610 486 1655 a
513 1589 674 1671 Genoua,
705 1586 810 1675 piglio
838 1588 870 1654 la
897 1587 1013 1654 strada
1037 1609 1138 1654 uerso
1159 1588 1328 1672 Bologna,
1351 1586 1441 1652 nella

198 1703 308 1789 quale
322 1705 367 1770 ha
382 1702 492 1791 patito
508 1705 625 1785 molto,
645 1703 791 1772 maxime
809 1725 877 1771 una
895 1703 989 1770 uolta
1003 1706 1068 1769 che
1085 1703 1187 1770 smari
1204 1704 1237 1770 la
1248 1701 1317 1783 uia,
1333 1712 1367 1771 et
1379 1724 1440 1768 co-

198 1818 331 1886 mincio
358 1842 378 1887 a
405 1819 577 1889 caminate
604 1842 721 1907 presso
750 1841 795 1886 un
823 1821 939 1900 nume,
970 1819 992 1886 il
1014 1820 1115 1904 quale
1136 1841 1195 1886 era
1215 1819 1329 1900 basso,
1351 1819 1439 1885 etia

197 1937 320 2003 strada
337 1936 417 2017 alta,
436 1937 469 2004 la
484 1937 596 2022 quale,
615 1947 744 2021 quanto
760 1935 819 2023 piri
835 1935 1016 2003 eaminaua
1033 1957 1093 2022 per
1109 1915 1197 2016 essa}
1217 1944 1313 2001 tanto
1329 1934 1388 2022 piri
1409 1934 1436 2002 si

200 2053 326 2120 faceua
341 2063 474 2134 stretta3
493 2064 528 2119 et
545 2052 578 2118 in
598 2053 643 2119 tal
659 2052 762 2120 modo
778 2052 806 2118 si
824 2073 937 2120 uenne
953 2074 972 2119 a
989 2052 1041 2118 far
1056 2061 1189 2133 stretta,
1204 2054 1269 2118 che
1284 2073 1356 2118 non
1375 2074 1436 2138 po·

200 2180 288 2236 teua
303 2167 362 2254 piri
378 2171 421 2236 ne
438 2168 564 2237 andare
581 2167 706 2249 inanoi,
725 2169 768 2235 ne
790 2171 917 2235 tornar’
936 2167 1093 2235 indietro.
1113 2169 1157 2233 Et
1177 2168 1248 2234 cosi
1265 2167 1434 2234 comincio

197 2307 223 2352 a
246 2283 417 2352 caminare
440 2306 601 2371 carpone;
625 2295 659 2354 et
679 2286 749 2351 cosi
770 2283 904 2350 camino
933 2306 980 2350 un
1007 2305 1094 2371 gran
1121 2305 1229 2369 pezzo
1255 2305 1322 2378 con
1345 2306 1432 2370 gran

197 2422 323 2488 paura3
342 2401 479 2488 perche,
498 2401 582 2487 ogni
597 2402 691 2470 uolta
707 2403 773 2468 che
789 2401 817 2467 si
838 2422 999 2481 moueua,
1022 2402 1170 2468 credeua
1185 2399 1219 2466 di
1237 2421 1380 2473 cascere,
1398 2400 1432 2466 in

196 2517 319 2584 fiume.
339 2518 382 2583 Et
398 2528 519 2602 questa
536 2518 572 2583 fu
589 2518 621 2584 la
637 2517 697 2604 piu
714 2539 799 2604 gran
817 2517 920 2583 fatica
936 2527 972 2584 et
988 2517 1157 2603 trauaglio
1172 2517 1347 2603 corporale
1368 2519 1432 2585 che

197 2631 270 2698 mai
291 2634 448 2716 hauesse3
472 2634 614 2699 maalle
639 2633 706 2700 fine
727 2633 859 2720 campo.
883 2610 927 2698 Et
948 2633 1096 2700 uolendo
1116 2609 1251 2701 entrare
1272 2632 1306 2699 in
1328 2633 1431 2700 Bolo-

196 2770 285 2836 gna,
302 2751 464 2817 hauendo
482 2771 501 2816 a
517 2771 637 2836 passer
653 2770 700 2815 un
716 2749 899 2836 ponticello
915 2748 950 2814 di
966 2748 1082 2836 legno,
1100 2749 1185 2815 cade
1201 2748 1260 2836 giu
1278 2750 1333 2816 del
1346 2771 1432 2835 pon-

197 2878 247 2948 te;
267 2877 302 2934 et
319 2865 404 2948 cosi,
424 2866 601 2934 leuandosi
618 2888 718 2933 carco
734 2866 769 2933 di
783 2868 889 2953 sango
902 2879 936 2935 et
948 2866 983 2932 di
996 2887 1118 2952 acqua,
1134 2867 1207 2932 fece
1220 2865 1330 2934 ridere
1343 2867 1431 2932 mol·

197 2982 237 3063 ri,
256 2981 369 3050 chesi
386 2993 553 3050 trouorno
571 2982 733 3069 presenti.

267 3099 494 3166 Et‘entrando
510 3098 544 3165 in
563 3099 730 3186 Bologna‚
749 3097 918 3168 nominoio
933 3087 1157 3166 a'domandar
1178 3099 1374 3181 elemosina,
1397 3111 1432 3166 et

195 3237 269 3282 non
287 3216 388 3282 trouri
403 3235 489 3302 pure
506 3236 552 3281 un
570 3215 642 3281 solo
659 3215 831 3302 quatrino,
854 3227 1079 3302 quantunque
1098 3218 1131 3306 ia
1152 3237 1306 3284 cereasse
1327 3227 1427 3283 tutta.

263 3332 377 3400 Stette
394 3332 494 3399 alcun
513 3341 627 3419 tempo
643 3331 676 3398 in
695 3333 851 3419 Bologna
867 3333 1050 3400 ammaiato
1066 3333 1091 3415 ⁴3
1109 3331 1203 3418 dipoi
1220 3352 1258 3398 se
1273 3355 1317 3399 ne
1339 3333 1429 3399 andi>

192 3471 215 3516 a
231 3446 394 3530 Venetia,
412 3446 444 3516 al
461 3448 647 3517 medesimo
663 3449 764 3515 modo
780 3470 927 3536 sempre.

188 3727 276 3784 pago.
294 3707 376 3779 18-34
399 3717 430 3765 et
452 3710 586 3780 209·216,
603 3727 660 3782 quo
679 3709 707 3764 in
724 3717 874 3782 postremo
893 3710 957 3764 loco
974 3709 1094 3765 affertur
1113 3710 1359 3764 «instrumentum
1377 3726 1427 3780 pu-

189 3803 304 3857 blicum
327 3797 519 3867 fundationiS,
538 3809 568 3855 et
586 3798 752 3854 donationis
771 3797 940 3854 monasterii
962 3798 1175 3854 carthusiensis
1196 3797 1318 3868 ordinm,
1337 3814 1427 3870 prope

191 3889 387 3962 Segobricam
406 3890 520 3958 urbem,
539 3888 700 3961 nuncupati
718 3889 811 3944 Vallis
832 3889 905 3959 Jesu
923 3887 1044 3956 Christi,
1065 3887 1161 3944 factae
1179 3905 1195 3942 a
1213 3889 1254 3942 D.
1275 3887 1364 3943 Petro
1386 3885 1427 3940 lv
1501 3886 1504 3891 ’

192 3981 367 4050 Aragouum
380 3995 461 4050 rege,
476 3977 599 4052 ejusque
612 3977 673 4032 filio
686 3977 822 4046 Martino,
836 3994 913 4032 anno
929 3975 1025 4032 1386».

248 4071 260 4102 ⁵
297 4067 402 4140 Supra,
416 4086 446 4123 n.
461 4065 506 4127 33.

248 4161 261 4193 ⁴
296 4158 384 4213 Hunc
398 4159 532 4212 morbum
547 4156 610 4228 ipse
625 4163 766 4212 memorat
779 4155 924 4227 Ignatius,
939 4155 1064 4228 epistola
1077 4152 1212 4211 Venetiis
1229 4167 1260 4210 12
1274 4152 1425 4209 Februarii

194 4246 264 4318 1536
277 4246 356 4303 data.
371 4247 477 4303 Sancti
489 4247 642 4320 Ignatii...
657 4247 808 4319 epistotae,
824 4247 846 4315 Ι,
860 4261 906 4316 94:
922 4246 1035 4301 rrAntes
1047 4243 1085 4300 de
1099 4242 1233 4299 Navidad
1246 4260 1302 4297 con
1318 4242 1425 4315 quinze
1524 4264 1527 4268 “

192 4337 269 4409 dias,
279 4338 386 4392 eetube
399 4353 437 4392 en
450 4335 573 4392 Boionia
586 4335 662 4391 siete
675 4335 739 4392 dias
752 4353 789 4391 en
802 4336 830 4391 lu
843 4352 925 4392 cama
938 4351 994 4390 con
1007 4335 1090 4390 dolor
1102 4333 1140 4390 de
1150 4337 1313 4403 estomago,
1323 4331 1425 4403 friosy

192 4428 372 4496 colenturas3
385 4430 428 4483 ast
441 4425 605 4482 determine
619 4425 656 4480 de
672 4425 755 4482 venir
767 4429 783 4482 rt
797 4425 938 4500 Veneeia,
952 4423 1048 4481 doude
1062 4425 1130 4482 abrt
1145 4440 1207 4480 mes
1220 4441 1241 4500 y
1255 4422 1351 4478 medio
1366 4438 1423 4498 que

193 4526 310 4591 moy.»
