3500 5367
492 459 659 529 Quinum
678 467 720 510 mr
739 455 907 512 Gucrsnuo
927 453 1094 511 Posrnruo
1322 463 1372 522 711

167 611 423 692 uelationibus,
440 618 521 676 sunt
537 617 738 695 suggestae,
756 606 861 676 credo
881 627 957 675 esse
978 605 1197 685 tentationes
1216 603 1317 674 etsie
1333 605 1412 671 volo

163 709 275 797 credi
298 731 342 795 ab
366 727 445 808 illis,
467 725 525 810 qui
546 725 590 792 de
610 745 666 792 me
686 720 810 808 quouis
830 723 932 788 modo
955 722 1131 804 audiuere3
1154 715 1256 806 idque
1278 719 1414 806 propria

166 866 286 910 ‘manu
301 843 427 929 sigillo.

888 954 983 1021 Gur„
1003 955 1232 1022 Posrnuuus.

251 1076 296 1140 P.
319 1073 532 1140 Salmeronis
554 1091 673 1136 manu.
699 1068 818 1136 lnveni
841 1071 932 1135 hanc
956 1070 1154 1138 schedulam
1178 1070 1265 1150 heri,
1279 1070 1323 1136 id
1346 1080 1411 1152 est,

176 1208 228 1256 20
243 1189 298 1257 die
313 1185 490 1257 Februarii
507 1208 598 1252 anno
614 1183 753 1252 Domini
774 1185 870 1268 1546,
889 1183 979 1253 inter
994 1186 1160 1253 nonnulla
1182 1187 1309 1272 scripta
1325 1186 1411 1255 eius.

780 1300 1004 1367 Arrnonsus
1021 1301 1234 1372 Sacranos.

775 1464 830 1545 84

170 1591 177 1600 ’
289 1598 614 1666 TESTIMONlUM
643 1598 705 1663 DE
734 1596 1055 1663 ORTHODOXIA
1090 1597 1316 1690 POSTELLl

471 1733 517 1780 nn
540 1733 648 1779 unnrs
671 1731 819 1778 vicimo
844 1731 1097 1779 susscmpruu
1126 1715 1134 1744 ¹

258 1999 340 2094 Rde
358 1997 495 2065 domine
511 1997 656 2084 Ignatie.
674 1997 818 2064 Dandae
838 2007 920 2064 sunt
940 1996 1072 2084 gratiae
1088 2001 1163 2067 Deo
1181 2000 1370 2088 omnipoter
1384 1999 1420 2080 ti,

182 2113 264 2200 qui,
283 2125 370 2182 teste
383 2115 563 2200 Apostolo‚
578 2135 648 2178 non
664 2111 831 2199 permittit
846 2134 1054 2199 quemquam
1073 2115 1197 2182 tentari
1215 2115 1303 2183 ultra
1319 2137 1422 2200 quarn

187 2232 281 2298 ferre
297 2229 403 2316 possit
417 2231 440 2295 '.
1053 2301 1056 2307 Δ
1221 2296 1225 2304 ,

259 2345 418 2413 Conueni
438 2366 516 2411 cum
540 2344 679 2410 domino
701 2343 864 2422 Postello,
882 2343 1025 2432 ipseque
1045 2366 1083 2412 se
1108 2345 1305 2426 obstrinxit,
1330 2348 1425 2431 quod

182 2462 238 2529 de
256 2459 350 2527 omni
370 2459 650 2546 interpretatione
671 2479 789 2528 sacrae
812 2459 972 2546 paginae,
991 2483 1080 2547 quae
1096 2483 1160 2527 suo
1181 2461 1216 2527 in
1238 2462 1352 2528 animo
1370 2486 1425 2531 re·

189 2586 443 2664 praesentetur,
462 2576 546 2642 nihil
566 2575 699 2661 recipit,
718 2596 832 2660 neque
853 2596 1004 2659 unquam
1026 2587 1228 2661 recepturus
1248 2588 1313 2656 est,
1333 2579 1425 2664 quod

186 2691 383 2760 catholicae
395 2691 476 2758 fidei
491 2713 532 2758 ac
543 2690 720 2758 doctrinae
731 2700 872 2758 sanctae
884 2711 1045 2760 romanae
1057 2691 1224 2759 ecclesiae
1240 2705 1424 2779 repugnet,

189 2820 256 2874 aut
266 2807 389 2892 quouis
400 2807 501 2872 modo
511 2794 697 2892 repugnari
713 2805 881 2888 uideatur3
892 2807 953 2874 sed
964 2805 1011 2870 illi
1022 2827 1060 2873 se
1073 2806 1108 2872 in
1122 2818 1231 2874 totum
1241 2808 1424 2888 submittit,

149 2987 155 2994 .
188 2922 300 2991 etiam
316 2922 429 3008 quoad
446 2943 624 2990 assensum
641 2918 759 3002 animi,
774 2931 813 2986 ut
825 2920 859 2987 in
872 2921 980 2988 nihilo
993 2922 1131 3008 penitus
1147 2923 1191 2989 ab
1206 2945 1247 2990 ea
1262 2923 1422 2992 declinet.

264 3040 449 3107 Praeterea
464 3039 557 3106 de'se
570 3037 644 3123 ipso
661 3036 747 3103 nihil
757 3036 911 3123 cogitare
924 3040 1012 3118 uult,
1029 3049 1066 3104 ut
1081 3039 1125 3105 ad
1137 3038 1329 3124 digniorem
1342 3061 1426 3106 con·

102 3167 107 3174 ’
191 3154 360 3222 ditionem
383 3163 527 3221 uocatus
547 3154 604 3232 sit,
623 3165 684 3219 aut
704 3152 867 3221 deuenire
887 3153 1025 3233 habeat,
1045 3165 1184 3239 paratus
1200 3153 1235 3220 id
1259 3155 1428 3222 affirmare

193 3291 343 3356 semper,
362 3283 465 3355 prout
480 3291 573 3336 nunc
589 3291 729 3354 quoque
745 3269 891 3335 affirmat
907 3291 949 3335 ex
966 3280 1039 3335 toto
1060 3269 1164 3336 animi
1180 3291 1334 3338 assensu.

264 3387 319 3451 De
333 3396 482 3466 caetero,
501 3385 614 3470 siqua
631 3383 748 3470 opinio
763 3405 847 3469 erga
862 3382 1178 3469 interpretationem
1196 3406 1313 3476 sacrae
1329 3385 1428 3474 pagi-

108 3532 112 3536 *
142 3566 160 3582 ,,
197 3523 277 3581 nae,
299 3523 387 3586 quae
408 3522 476 3567 non
500 3502 703 3568 aduersetur
724 3498 921 3585 praedictis
947 3499 1171 3585 forte-ipsum
1195 3501 1239 3567 de
1259 3500 1430 3590 praesenti

198 3619 313 3702 pulsat
329 3628 387 3683 aut
404 3618 438 3683 in
456 3618 611 3689 futurum
628 3617 789 3702 pulsabit,
808 3615 836 3681 si
852 3635 893 3680 ea
910 3637 979 3682 non
996 3615 1144 3702 placebit
1160 3619 1201 3684 R.
1218 3619 1260 3684 V.
1280 3628 1316 3686 et
1334 3617 1429 3698 mihi,

195 3733 379 3800 conabitur
395 3754 457 3820 pro
473 3728 606 3799 uiribus
622 3731 735 3819 (etiam
752 3753 814 3818 per
829 3730 1012 3799 continuas
1031 3752 1150 3818 preces
1173 3734 1217 3799 ad
1233 3733 1432 3819 Dominum)

196 3870 277 3916 eam
293 3850 440 3917 euellere
455 3851 498 3915 ab
515 3847 629 3915 animo
644 3869 722 3914 suo.
742 3848 848 3932 Quod
864 3846 894 3914 si
910 3849 999 3914 forte
1013 3847 1151 3916 interim
1169 3871 1239 3915 non
1256 3848 1320 3918 erit
1337 3871 1433 3916 com*

200 3987 265 4053 pos
283 3965 337 4031 sui
361 3979 398 4031 ut
421 3986 600 4032 assensum
623 3973 790 4050 praestet,
814 3963 982 4049 promittit
1006 3947 1086 4030 cum
1114 3965 1210 4031 nullo
1234 3965 1375 4034 uiuente
1399 3965 1435 4031 id

197 4081 467 4159 communicare,
486 4101 598 4165 neque
614 4100 717 4165 super
733 4101 778 4148 eo
794 4079 976 4166 quicquam
1002 4079 1168 4163 scribere,
1187 4094 1333 4168 excepto
1350 4102 1435 4147 con-

176 4197 332 4266 ‚sessore
347 4195 433 4275 eius,
452 4206 511 4262 aut
527 4195 556 4262 si
573 4198 662 4262 forte
685 4217 705 4261 a
721 4194 793 4261 suis
816 4194 1051 4281 superioribus
1072 4195 1106 4264 in
1126 4195 1254 4264 uirtute
1271 4196 1436 4267 obedien-

177 4375 181 4383 .
201 4311 272 4378 tiae
288 4311 386 4379 aliter
401 4311 468 4378 sibi
488 4312 764 4379 demandaretur.
809 4315 817 4327 '

258 4499 266 4532 ¹
304 4501 349 4554 Ex
361 4500 551 4572 autographo,
568 4498 599 4552 in
615 4497 718 4554 codice
736 4496 834 4571 Epist.
849 4499 989 4568 episcop„
1004 4496 1091 4554 unico
1108 4498 1172 4567 fol„
1192 4517 1221 4558 n.
1239 4497 1300 4570 132,
1314 4499 1439 4572 antiqui·

201 4597 254 4645 tus
269 4601 329 4660 114,
345 4596 375 4644 et
388 4589 478 4643 etiam
494 4589 556 4657 116,
570 4597 601 4644 et
611 4586 639 4642 3.

259 4685 271 4714 ’
308 4678 482 4749 lancos,
498 4678 536 4746 X,
553 4675 595 4732 13.
683 4701 687 4708 ·
