3500 5367
467 446 516 499 De
535 456 629 501 acus
647 444 680 501 S.
699 444 823 502 Iounru
843 460 863 501 Α
883 444 1105 503 Rronouurrau
1313 442 1366 514 355

168 610 238 663 tam
261 599 355 663 raro?
373 618 452 663 cum
475 608 589 665 tamen
613 598 703 663 bona
722 596 790 663 diei
806 598 923 664 adhuc
941 620 1020 683 pars
1040 605 1246 683 superesset.
1268 596 1318 661 Ex
1335 615 1404 681 quo

167 712 340 781 coniicere
357 713 437 781 licet
454 732 557 797 quam
573 702 713 779 sedulus
729 724 764 780 et
781 712 943 781 assiduus
953 714 1056 782 Pater
1072 711 1175 779 fuerit
1191 710 1226 777 in
1238 713 1304 777 hoc
1320 733 1403 778 exa·

168 830 273 907 mine,
297 850 470 914 quamque
492 832 690 913 frequenter
710 828 877 898 rationem
894 850 973 897 cum
995 826 1206 917 conscientia
1228 826 1402 893 subduce-

170 956 235 1013 ret.
255 946 361 1031 Quod
377 946 421 1011 ad
437 956 594 1012 nostrum
615 945 767 1013 omnium
784 947 978 1032 exemplum
995 944 1126 1011 dictum
1142 944 1187 1010 sit
1203 953 1269 1011 etc.
1362 945 1364 954 '

237 1080 293 1143 43.
342 1060 431 1127 Cum
447 1060 674 1147 lacrymarum
699 1061 734 1128 ui
754 1061 902 1127 maxima
916 1062 1120 1138 abundaret,
1138 1073 1174 1125 et
1197 1056 1404 1125 consolatio-

169 1196 248 1242 nem
266 1176 347 1243 illae
360 1175 518 1243 eximiam
539 1175 672 1261 spiritui
699 1189 734 1243 et
761 1176 973 1243 debilitatem
1000 1174 1135 1260 corpori
1152 1176 1313 1242 afferrent
1330 1173 1405 1258 (ali.-

170 1293 312 1375 quando
330 1312 478 1376 namque
497 1312 603 1377 prope
618 1294 758 1359 orbatus
780 1292 963 1359 oculisest
983 1293 1210 1377 lacrymarum
1232 1290 1352 1372 fluxu),
1371 1299 1406 1355 et

171 1405 316 1492 spiritus
331 1407 535 1476 suauitatem
550 1407 704 1495 corporis
716 1406 853 1475 sanitati
865 1408 1066 1495 praeferret,
1081 1407 1284 1490 timeretque
1302 1428 1357 1482 ne,
1378 1404 1407 1470 si

169 1522 343 1607 lacrymas
355 1522 544 1602 cohiberet,
562 1533 658 1592 tauta
673 1522 729 1589 illa
744 1544 785 1589 ac
801 1534 870 1590 tam
887 1519 1031 1591 affluens
1047 1521 1186 1591 diuinae
1198 1520 1405 1589 consolatio-

175 1638 232 1703 nis
250 1638 395 1705 dulcedo
415 1637 639 1720 urinueretur,
657 1639 806 1719 tandem,
825 1638 957 1705 ratione
976 1650 1012 1705 et
1031 1637 1175 1705 consilio
1195 1635 1404 1705 medicorum

175 1751 302 1831 uictus,
327 1752 391 1819 sibi
412 1775 433 1819 a
452 1752 610 1839 lacrymis
630 1752 845 1840 temperauit,
867 1754 996 1839 easque
1015 1752 1114 1838 quasi
1134 1751 1279 1821 habenis
1304 1772 1406 1837 rege-

175 1868 249 1949 bat,
268 1880 399 1934 utrum
417 1868 520 1937 uellet
536 1890 618 1955 prae
637 1868 822 1937 deuotione
841 1870 950 1950 fleret,
968 1890 1048 1937 cum
1065 1869 1185 1948 nollet,
1203 1866 1404 1934 abstineret.

176 1982 249 2051 Sd
270 1996 384 2051 tamen
412 1994 507 2051 tanta
534 1996 653 2070 postea
678 1986 893 2071 subsequuta
918 1994 971 2051 est
998 1982 1243 2051 consolationis
1269 1981 1409 2050 diuinae

175 2100 400 2180 abundantia,
413 2111 451 2165 ut
468 2100 645 2173 oculorum
661 2099 800 2167 ariditas
820 2098 1021 2169 influentem
1041 2099 1188 2189 gratiam
1209 2120 1283 2164 non·
1302 2098 1410 2185 repri-

180 2228 303 2293 meret,
323 2215 384 2283 sed
397 2214 509 2301 magis
524 2226 680 2301 augeret.

247 2350 303 2413 44.
352 2330 447 2415 Quid
472 2352 540 2418 ego
559 2332 604 2400 de
619 2330 855 2399 ardentissima
877 2331 953 2398 eius
980 2330 1018 2397 in
1044 2331 1216 2417 proximos
1245 2330 1411 2399 charitate

176 2444 307 2513 dicam?
323 2458 451 2532 quanta
463 2446 651 2513 animarum
665 2448 802 2514 Christo
814 2447 1136 2514 lucrifaciendarum
1149 2445 1205 2512 siti
1218 2447 1409 2525 aestuabat,

181 2573 222 2627 ut
235 2562 367 2627 nullum
380 2560 586 2629 intentatum
604 2561 748 2648 lapidem
766 2562 992 2647 relinquebat,
1012 2574 1050 2628 ut
1066 2574 1264 2648 peccatores
1280 2563 1322 2628 ad
1339 2582 1412 2629 me-

177 2676 299 2743 liorem
316 2677 455 2763 frugem
468 2696 654 2745 conuersos
673 2678 748 2761 Deo
763 2678 931 2745 redderet!
958 2677 1098 2745 Memini
1120 2698 1187 2764 ego
1208 2676 1316 2759 illum,
1343 2698 1411 2761 quo

180 2804 335 2877 tempore
352 2792 474 2859 domus
489 2792 581 2860 stae.
602 2794 757 2861 Marthae
775 2794 902 2861 Romae
918 2792 1074 2859 instituta
1095 2805 1160 2875 est,
1183 2813 1262 2859 cum
1280 2793 1412 2859 nobiles

179 2906 312 2992 aliquot
333 2908 528 2977 meretrices
548 2931 568 2977 e
596 2907 685 2993 turpi
714 2894 859 2995 quaestu
883 2922 1099 2995 emergerent
1116 2922 1150 2977 et
1169 2908 1211 2974 ad
1228 2910 1412 2975 salutarem

175 3036 361 3109 quaestum
378 3036 412 3090 et
428 3023 504 3108 pias
517 3024 684 3109 lacrymas
700 3046 737 3091 se
753 3024 956 3111 reciperent,
980 3046 1041 3110 per
1058 3024 1155 3091 uicos
1172 3024 1330 3121 publicos
1352 3046 1411 3091 eas

180 3138 336 3205 comitari
356 3139 506 3218 solitum,
530 3161 598 3205 non
623 3139 759 3223 quidem
776 3140 961 3225 gregatim,
978 3140 1038 3206 sed
1064 3140 1164 3205 modo
1184 3141 1286 3217 hanc,
1312 3139 1413 3205 modo

181 3255 289 3323 illam.
299 3256 417 3339 ltaque
424 3253 690 3339 pulcherrimum
703 3267 776 3321 erat
788 3275 871 3323 sane
884 3255 1117 3341 spectaculum
1129 3254 1246 3322 uidere
1256 3264 1412 3321 sanctum

182 3392 316 3451 senem,
330 3370 427 3455 quasi
439 3372 749 3451 anteambulonem,
765 3383 985 3457 praeeuntem
1002 3370 1164 3437 iuuenem
1180 3381 1215 3439 et
1233 3370 1413 3439 formosam

179 3500 219 3554 et
234 3508 360 3573 uagam
377 3486 623 3566 mulierculam,
639 3498 677 3553 ut
692 3508 712 3553 e
727 3485 953 3555 crudelissimi
971 3486 1106 3571 tyranni
1128 3486 1286 3553 faucibus
1302 3484 1413 3573 eripe-

183 3612 249 3681 ret,
267 3618 302 3668 et
318 3601 352 3667 in
371 3600 499 3668 Christi
515 3602 673 3669 manibus
685 3602 880 3669 collocaret.
894 3602 1131 3669 comitabatur
1143 3613 1258 3669 autem
1271 3601 1346 3667 illas
1359 3601 1414 3667 uel

182 3718 218 3783 in
232 3716 439 3785 coenobium
456 3738 565 3802 nuper
576 3728 783 3799 extructum,
798 3718 854 3785 u‘el
866 3717 900 3783 in
913 3716 1077 3803 principis
1089 3716 1257 3783 foeminae
1270 3716 1415 3784 alicuius

180 3836 339 3917 domum,
356 3831 392 3897 in
413 3854 481 3917 qua
509 3831 671 3917 paulatim
699 3832 946 3911 cicurarentur,
974 3834 1073 3901 etad
1095 3831 1232 3899 uirtutis
1248 3832 1412 3911 studium,

181 3951 343 4033 exemplo
354 3960 388 4014 et
401 3947 544 4015 consilio
558 3948 700 4015 aliarum
713 3947 887 4026 incitatae,
901 3948 1137 4017 assuefierent.
1152 3950 1232 4033 Qua
1245 3949 1280 4013 in
1293 3969 1330 4014 re
1343 3970 1415 4014 ma-

183 4066 277 4132 xime
294 4064 433 4133 emicuit
449 4064 684 4133 sanctissimae
699 4074 804 4148 atque
820 4046 1068 4132 illustrissimae
1090 4064 1258 4131 foeminae
1280 4066 1416 4131 Leonu-

184 4182 232 4248 n's
245 4179 402 4259 Osoriae,
413 4178 555 4271 Joannis
567 4180 695 4267 Vagae,
706 4190 789 4245 tunc
798 4178 910 4273 Caroli
925 4179 1047 4265 Quinti
1060 4182 1291 4246 Romanorum
1306 4179 1416 4265 impe—

184 4296 307 4367 ratoris
324 4296 416 4383 apud
432 4316 605 4361 summum
622 4294 816 4382 pontificem
834 4294 951 4381 legati,
971 4294 1088 4361 uxoris
1105 4306 1139 4360 et
1152 4293 1207 4379 pia
1218 4294 1369 4361 charitas
1383 4306 1417 4362 et

184 4416 323 4483 feruens
340 4412 531 4480 animarum
548 4412 654 4477 zelus.
669 4411 758 4477 Cum
771 4422 887 4479 autem
899 4410 1038 4496 quidam
1051 4410 1205 4477 dicerent
1218 4409 1416 4479 huiusmodi

182 4519 416 4608 mulierculas,
440 4528 649 4595 inueteratas
672 4525 789 4593 iamet
810 4526 844 4592 in
865 4526 958 4593 omni
980 4526 1141 4593 uitiorum
1165 4529 1266 4595 sorde
1288 4528 1417 4593 confir·

187 4656 309 4723 matas,
326 4644 425 4713 facile
436 4644 473 4709 in
487 4643 661 4730 pristinam
675 4642 780 4709 uitam
798 4643 916 4725 relabi,
934 4654 970 4708 et
986 4652 1159 4729 tamquam
1176 4664 1281 4711 canes
1294 4645 1337 4709 ad
1355 4664 1418 4709 uo·
