3500 5367
1260 15 1686 240 ''-

408 432 460 501 482
785 430 993 485 Mororum«
1013 428 1193 485 leuantur

371 585 451 667 turi;
478 582 604 651 talibus
628 592 764 669 ergoet
792 582 865 668 ipse
893 579 1099 672 inuigilabat
1124 581 1322 668 plurimum,
1347 593 1383 647 et
1408 581 1573 667 superiores

370 700 454 767 alios
476 698 659 785 inuigilare
685 698 837 766 iubebat.
868 695 1041 781 Quocirca
1066 717 1146 763 cum
1174 699 1214 764 P.
1243 695 1378 765 Natalis
1399 696 1520 764 socium
1539 718 1572 762 er

370 816 537 902 Hispania
553 814 749 883 aduenisset
768 817 905 881 Patrem
920 814 1079 881 Loartem
1097 815 1108 847 ¹
1121 811 1412 893 concionatorem,
1425 814 1572 881 doctorem

368 944 403 999 et
421 930 616 1017 theologiae
631 929 872 1017 professorem,
891 938 1032 996 sanctus
1052 930 1157 997 Pater
1180 929 1385 1015 peculiarem
1406 927 1477 996 eius
1494 948 1572 995 erer-

369 1048 468 1115 cendi
485 1069 603 1114 curam
621 1046 739 1113 haberi
767 1068 787 1111 a
809 1044 964 1111 ministro
990 1043 1109 1126 uoluit,
1128 1045 1239 1130 quiet
1261 1068 1323 1132 per
1336 1068 1377 1115 se
1392 1058 1427 1114 et
1441 1067 1495 1132 per
1507 1043 1575 1111 alios

369 1164 415 1230 ita
431 1185 510 1231 eum
527 1163 705 1231 excolebat
727 1158 940 1229 confusionis
963 1160 1120 1246 publicae
1140 1160 1287 1241 actibuS,
1312 1173 1351 1227 ut
1371 1183 1469 1248 saepe
1487 1161 1575 1227 instar

368 1280 467 1365 pueri
481 1280 564 1345 flere
585 1277 706 1344 solitus
727 1277 782 1343 sit:
805 1276 877 1363 ipse
900 1286 1041 1343 sanctus
1064 1278 1167 1344 Pater
1187 1298 1266 1343 eum
1287 1278 1459 1345 solabatur
1481 1288 1512 1342 et
1524 1276 1573 1341 be·

310 1408 312 1413 ·
368 1394 473 1481 nigne
491 1395 670 1460 tractabat.
691 1392 783 1459 Hinc
801 1392 931 1457 factum
946 1401 1000 1458 est
1016 1401 1053 1456 vt
1067 1413 1147 1458 cum
1161 1404 1340 1479 rogaretur
1353 1395 1489 1461 Loartes
1499 1390 1574 1476 quod

367 1512 411 1576 de
438 1521 557 1576 sancto
581 1512 683 1577 Patre
705 1506 838 1595 Ignatio
866 1506 1031 1573 iudicium
1047 1516 1082 1574 et
1109 1508 1202 1593 quod
1216 1509 1262 1576 de
1290 1511 1394 1575 Patre
1419 1507 1573 1574 ministro*

369 1628 483 1703 ferret,
503 1624 690 1711 respondit,
709 1646 763 1691 res
785 1622 898 1689 Patris
914 1622 1038 1709 ignatii
1060 1634 1170 1689 totum
1190 1646 1267 1692 esse
1282 1626 1396 1691 oleum
1416 1625 1460 1690 ob
1477 1623 1575 1690 suaui·

368 1752 485 1823 tatem,
505 1743 642 1807 Patrem
656 1761 739 1808 vero
757 1737 1079 1805 ministrum-totum
1096 1761 1173 1808 esse
1188 1750 1324 1808 acetum
1345 1742 1391 1805 ob
1412 1741 1573 1826 reprehen-

367 1855 510 1936 sionem,
527 1854 826 1923 mortificationem
847 1866 882 1921 et
900 1854 1131 1921 acrimoniam.

434 1972 582 2039 Volebat
598 1970 633 2037 in
650 1970 822 2039 Societate
838 1992 1004 2037 summam
1022 1970 1058 2036 in
1073 1970 1234 2037 omnibus
1249 1971 1369 2057 uigere
1384 1970 1574 2037 vniformita·

369 2098 448 2167 tem,
468 2085 604 2171 nequis
621 2108 732 2152 nouus
755 2084 895 2152 uiuendi
911 2085 998 2151 ritus
1013 2107 1054 2153 ac
1071 2087 1193 2152 modus
1209 2086 1415 2172 reperiretur
1434 2086 1468 2152 in
1482 2086 1573 2170 aliqua

368 2202 544 2289 prouincia
562 2204 616 2269 uel
632 2200 812 2269 domiciliis
827 2200 1026 2288 discrepans
1042 2204 1086 2268 ab
1102 2202 1189 2283 aliis,
1210 2203 1303 2287 quod
1319 2202 1421 2274 etiam
1441 2203 1475 2270 in
1488 2204 1572 2271 rebus

296 2302 304 2323 ⁸
366 2317 608 2385 occultioribus
631 2318 819 2405 spectabat;
849 2320 937 2384 hanc
954 2319 999 2384 ob
1027 2337 1165 2384 causam
1193 2340 1355 2403 magnam
1376 2318 1443 2387 diei
1462 2329 1570 2405 partem

365 2433 481 2519 exegit
493 2433 529 2500 in
556 2432 791 2501 examinandis
818 2432 1046 2515 confessariis,
1075 2432 1266 2519 modisque,
1295 2455 1382 2518 quos
1410 2432 1526 2521 singuli
1543 2432 1571 2496 in

365 2548 579 2635 assignandis
599 2547 817 2635 poenitentiis
838 2550 1081 2633 sequebantur,
1104 2571 1148 2615 ne
1169 2547 1251 2633 quid
1272 2548 1307 2615 in
1328 2572 1370 2616 eo
1391 2548 1570 2636 reperiretur

364 2662 580 2731 discriminis.
600 2667 683 2731 Eam
705 2684 844 2749 quoque
859 2665 904 2730 ob
920 2685 1058 2731 causam
1074 2663 1299 2733 suadentibus
1319 2665 1489 2732 nonnullis
1502 2684 1570 2731 con·

364 2779 478 2847 tinuas
498 2779 602 2847 indici
624 2800 743 2867 preces
759 2801 821 2866 pro
840 2778 1009 2847 electione
1030 2777 1121 2846 felici
1139 2779 1222 2845 noui
1254 2777 1385 2848 romarii
1406 2776 1569 2867 pontificis.

364 2918 580 2981 nequaquam
596 2894 761 2982 permisit,
780 2917 824 2963 ne
839 2894 976 2981 publica
991 2903 1026 2963 et
1048 2917 1140 2961 noua
1155 2896 1432 2965 introduceretur
1445 2916 1570 2963 consue-

365 3012 448 3078 tudo
462 3011 498 3077 in
514 3011 589 3079 aliis
605 3010 689 3077 locis
705 3020 901 3077 nostrorum
917 3032 987 3076 non
999 3010 1137 3092 usitata,
1152 3010 1230 3077 ideo
1244 3033 1358 3096 neque
1374 3010 1502 3079 litanias
1511 3009 1570 3095 qui·

363 3128 440 3195 dem
457 3127 558 3194 simul
573 3129 618 3194 ab
638 3126 797 3193 omnibus
820 3126 890 3192 dici
912 3124 1033 3206 uoluit,
1055 3128 1116 3194 sed
1144 3138 1181 3192 ut
1201 3127 1342 3195 secretis
1369 3129 1508 3213 quisque
1522 3146 1569 3211 pro

363 3264 425 3310 sua
441 3254 539 3329 parte
555 3265 595 3310 ac
616 3242 729 3309 studio
751 3242 912 3329 precibus
932 3244 987 3309 vel
1009 3241 1122 3309 carnis
1142 3241 1371 3311 maceratione
1391 3242 1511 3311 similes
1524 3262 1571 3306 ne·

362 3358 540 3427 cessitates
555 3358 704 3426 Domino
724 3359 991 3427 commendaret.
1011 3360 1112 3425 Hanc
1128 3359 1173 3425 ob
1195 3379 1333 3427 causam
1348 3358 1481 3447 puniuit
1500 3377 1572 3423 non·

363 3476 487 3553 nullos,
507 3496 593 3559 quos
608 3474 796 3543 resciuerat
811 3477 915 3541 horas
937 3474 1122 3542 canonicas
1137 3474 1172 3541 in
1189 3477 1290 3543 horto
1305 3474 1500 3554 domestico,
1516 3493 1571 3539 uon

363 3590 497 3657 usitatis
524 3590 649 3657 nostris
677 3602 758 3658 tono
775 3612 816 3657 ac
844 3612 930 3657 sono
957 3566 1186 3657 monasticum
1213 3594 1475 3677 praeseferente,
1500 3586 1573 3654 reci·

364 3718 466 3775 tasse.

428 3824 465 3888 ln
495 3820 649 3891 familiari
670 3822 842 3907 colloquio
864 3822 1003 3888 titulum
1023 3822 1239 3908 paternitatis
1264 3822 1330 3890 sibi
1353 3823 1411 3890 uni
1430 3823 1499 3891 dari
1517 3837 1569 3885 non

361 3939 507 4018 sinebat,
526 3940 586 4006 sed
604 3950 736 4004 tantum
757 3936 971 4007 reuerentiae
987 3949 1139 4021 vestrae;
1156 3937 1186 4005 si
1202 3939 1279 4024 quis
1300 3950 1414 4007 tamen
1431 3939 1466 4006 in
1483 3932 1568 4003 literis

361 4076 439 4122 eum
457 4067 669 4141 usurpasset,
688 4053 936 4120 dissimulabat.
955 4055 1122 4134 Tandem,
1140 4076 1182 4121 eo
1203 4066 1350 4135 mortuo,
1373 4050 1566 4143 generalibus

361 4168 565 4257 praepositis
581 4190 672 4235 anno
693 4170 773 4253 1561
793 4168 1009 4254 paternitatis
1024 4168 1206 4255 appellatio
1222 4170 1335 4257 coepit
1351 4171 1467 4238 tribui.

428 4284 612 4371 Proposuit
629 4284 813 4371 aliquando
829 4294 969 4351 sanctus
989 4289 1090 4353 Pater
1105 4295 1222 4353 noster
1239 4285 1399 4354 Patribus
1415 4284 1565 4360 Lainio,el

396 4480 406 4509 ἵ
445 4474 609 4544 Gasparem
624 4473 770 4528 Lourtem.

394 4566 405 4597 ³
443 4566 513 4619 Erat
526 4570 597 4617 tunc
609 4578 745 4617 romanae
758 4560 864 4617 domus
878 4560 1014 4617 minister
1025 4562 1162 4619 laudatus
1174 4562 1363 4645 Consalrius.
1381 4564 1428 4619 De.
1445 4581 1484 4627 re,
1495 4570 1562 4631 quau

359 4652 514 4709 Lancicius
528 4650 660 4723 attingit,
672 4650 734 4722 agit
747 4650 811 4723 ipse
824 4650 1014 4721 Cousalvius,
1029 4652 1218 4718 Memoriale,
1232 4670 1262 4711 n.
1277 4653 1342 4724 296,
1353 4669 1421 4727 pag.
1436 4651 1494 4707 300.
