3500 5367
589 472 700 530 Causa
720 472 754 529 P.
774 473 906 531 Snroms
924 475 1092 532 Ronamcu
1372 475 1425 544 693

220 628 329 698 Come
348 637 539 714 protettore
559 629 623 694 che
643 648 730 694 sono
749 628 791 694 d'-
807 650 896 708 essa,
918 640 953 695 et
976 630 1123 696 essendo
1144 629 1202 702 noi
1222 629 1459 716 primamlor-

220 743 316 825 mati,
330 742 556 809 chiamammo
572 742 689 811 auanti
706 765 726 808 a
742 743 802 810 noi
818 742 841 808 il
853 743 1028 830 preposito
1044 747 1218 832 generale,
1233 747 1335 813 Mtro.
1354 747 1458 832 lgna·

221 861 282 941 tio,
304 870 340 928 et
365 861 469 935 detto,
485 861 588 928 Mtro.
614 859 771 938 Simone,
792 860 993 962 trouandosi
1013 861 1163 946 presenti
1184 865 1287 930 Mtro.
1311 863 1458 929 Alfonso

218 965 422 1046 Salinerone
444 985 479 1042 et
496 979 605 1043 Mtro.
631 974 774 1043 Niccoto
798 977 987 1057 Bobadilla,
1014 977 1158 1063 professi
1182 977 1217 1044 di
1240 980 1335 1045 detta
1351 978 1457 1044 Com·

219 1091 360 1178 pagnia.
378 1092 479 1159 Doue
501 1091 658 1160 uedendo
681 1093 748 1157 che
771 1094 873 1159 Mtro.
900 1091 1040 1160 Simone
1064 1114 1133 1158 non
1154 1095 1344 1161 solamente
1364 1093 1457 1160 desi-

219 1220 319 1274 steua
335 1208 369 1273 d'
388 1206 472 1292 ogni
487 1228 550 1273 sua
564 1206 794 1292 pretensione,
810 1230 865 1274 ma
877 1207 979 1276 etiam
993 1207 1262 1294 ingenuamente
1279 1209 1457 1276 confessa·

219 1343 264 1390 ua
278 1323 304 1387 l’
321 1343 415 1389 error
430 1326 495 1388 stro
514 1322 604 1390 nelle
623 1343 704 1391 cose
719 1323 916 1409 precedenti
931 1324 982 1389 fra
1002 1324 1087 1402 loro,
1106 1323 1329 1391 humilmente
1346 1326 1455 1410 (come

219 1437 359 1525 pareua)
382 1449 417 1506 et
443 1435 700 1525 inginocchioni
723 1437 954 1506 dimandando
980 1441 1197 1525 perdonanza
1224 1440 1255 1507 al
1281 1441 1320 1508 P.
1348 1442 1450 1507 Mtro.

219 1553 367 1641 ignatio,
383 1553 555 1640 generale,
574 1553 809 1622 rimettendosi
822 1555 1023 1623 totalmente
1034 1554 1069 1622 in
1082 1576 1144 1622 sua
1157 1553 1356 1636 obedienza,
1372 1567 1406 1624 et
1418 1555 1453 1622 in

220 1691 332 1757 segno
344 1670 379 1735 di
390 1670 509 1755 <quella
525 1668 722 1756 'uolendogli
738 1669 893 1736 basciare
908 1671 940 1736 la
957 1691 1070 1752 mano;
1089 1669 1122 1736 io
1138 1670 1229 1737 lodai
1245 1671 1301 1736 all'
1319 1673 1403 1737 hora
1419 1671 1453 1736 la

221 1788 289 1855 tale
315 1784 564 1865 humiliatione,
582 1796 618 1855 et
645 1784 808 1872 approuai
829 1785 853 1851 il
874 1785 1072 1868 rimettersi,
1095 1787 1305 1853 annullando
1329 1795 1364 1854 et
1390 1787 1452 1852 de-

221 1901 410 1968 chiarando
432 1923 526 1970 esser
551 1899 701 1970 inualido
727 1901 957 1988 qualsiuoglia
980 1899 1210 1970 essentionio
1238 1901 1451 1968 concessioni
1484 1887 1488 1896 ¹

224 2031 383 2086 ottenute
404 2010 654 2102 in'qualunque
676 2018 777 2083 modo
797 2019 842 2083 da
861 2039 939 2084 esso
958 2019 1063 2087 Mtro.
1085 2015 1238 2096 Simone,
1256 2038 1277 2084 o
1295 2037 1354 2102 per
1376 2015 1451 2082 suoi

221 2132 337 2212 amici,
356 2132 448 2218 quali
463 2143 641 2219 potessero
656 2153 771 2200 essere
786 2132 956 2200 contrarie
977 2155 997 2199 a
1017 2134 1111 2200 detta
1132 2131 1331 2212 obedienza,
1354 2151 1454 2199 come

221 2248 326 2318 etiam
344 2247 392 2313 lui
416 2247 538 2314 istesso
561 2246 583 2314 l'
599 2251 645 2315 ha
667 2249 855 2328 annullato,
873 2260 909 2315 et
925 2247 1112 2316 rinuntiato
1136 2248 1171 2313 in
1190 2247 1254 2314 mia
1272 2255 1449 2334 preSenza.

221 2365 380 2432 Volendo
397 2364 559 2447 adunque
574 2364 606 2430 al
621 2375 793 2450 presente,
810 2385 871 2450 per
887 2363 1047 2450 maggior
1062 2348 1299 2431 sodisfattione
1310 2363 1345 2430 di
1363 2373 1452 2432 tutte

221 2481 253 2547 le
270 2479 372 2566 parti,
391 2478 471 2546 resti
489 2478 683 2548 testimonio
699 2479 733 2545 in
749 2480 869 2546 scritto
884 2480 918 2545 di
936 2481 982 2545 tal
999 2481 1113 2546 buona
1129 2479 1340 2557 risolutione,
1355 2499 1452 2546 come

220 2605 411 2682 protettore
426 2607 462 2662 et
476 2592 672 2662 comissario
684 2594 720 2660 di
730 2617 794 2662 sua
805 2594 942 2674 santitd,
957 2615 1025 2661 con
1037 2595 1069 2661 la
1081 2593 1212 2680 spetial'
1226 2593 1373 2660 autoritd
1385 2596 1452 2662 che

219 2709 255 2777 in
271 2722 394 2796 questa
409 2721 505 2796 parte
521 2733 564 2778 ne
580 2712 626 2777 ha
640 2711 733 2791 dat0,
753 2710 962 2796 imponiamo
977 2721 1145 2796 perpetuo
1157 2709 1292 2778 silentio
1308 2732 1328 2776 a
1345 2712 1447 2776 Mtr0.

218 2825 358 2894 Simone
374 2824 408 2891 di
425 2825 652 2911 qualsiuoglia
667 2826 885 2911 pretensione
901 2847 963 2892 sua
980 2847 1040 2910 per
1056 2826 1089 2893 le
1103 2846 1183 2893 cose
1200 2837 1335 2911 passate
1350 2846 1450 2892 uerso

218 2941 416 3026 qualunque
436 2961 582 3026 persona
596 2942 686 3009 della
701 2940 913 3028 Compagnia
930 2940 965 3006 di
977 2944 1073 3029 Jeslr,
1092 2941 1322 3008 dechiarando
1337 2941 1450 3006 debba

109 3070 124 3088 ·
218 3077 334 3125 essere
349 3078 410 3142 per
426 3056 450 3121 l’
468 3055 608 3124 auenire
623 3055 862 3126 intieramente
877 3056 1033 3144 figliuolo
1055 3057 1088 3124 d'
1113 3056 1301 3126 obedienza
1324 3057 1357 3125 al
1373 3079 1449 3142 pre·

217 3172 330 3260 posito
345 3172 506 3259 generale
522 3172 557 3238 di
573 3173 668 3240 detta
683 3172 910 3259 Compagnia,
928 3195 1026 3240 come
1046 3194 1130 3240 sono
1146 3173 1195 3259 gl'
1213 3173 1289 3240 altri
1306 3175 1339 3238 d'
1359 3194 1448 3254 essa,

217 3301 252 3356 et
276 3290 332 3356 eh'
354 3289 378 3354 il
398 3291 441 3358 Ρ.
463 3291 565 3358 Mtro.
592 3288 738 3374 Ignatio,
761 3290 936 3374 generale,
960 3309 1057 3355 come
1077 3291 1122 3355 ha
1145 3288 1230 3354 fatto
1255 3309 1401 3373 sempre,
1421 3289 1450 3354 si

164 3439 170 3448 ·
217 3404 308 3492 porti
323 3407 367 3471 da
389 3407 481 3471 buon
498 3406 603 3491 padre
619 3426 720 3471 uerso
736 3405 796 3470 lui.
815 3406 859 3470 Et
874 3404 909 3470 di
926 3425 1043 3472 nuouo
1057 3405 1215 3483 annullO,
1233 3414 1269 3470 et
1288 3402 1450 3478 dechiaro

217 3525 322 3589 esser'
341 3520 491 3589 inualide
517 3520 745 3608 qualsiuoglia
768 3496 955 3589 essentioni
980 3543 1001 3588 o
1022 3519 1246 3597 concessioni,
1274 3521 1363 3586 forse
1383 3541 1449 3585 con

217 3648 370 3722 pretesto
389 3636 426 3702 di
446 3638 498 3703 lar
518 3635 588 3712 vita
608 3636 806 3705 heremitica
826 3636 1006 3722 impetrate
1029 3657 1088 3722 per
1113 3637 1145 3702 lo
1173 3645 1320 3722 passato,
1344 3656 1365 3701 o
1385 3637 1450 3704 che

216 3765 352 3839 potesse
369 3751 550 3838 impetrare
567 3773 628 3838 per
643 3753 677 3818 lo
692 3763 851 3838 presente
865 3773 887 3818 o
904 3751 1021 3819 futuro
1038 3763 1164 3837 tempo,
1183 3774 1242 3837 per
1267 3753 1314 3818 tal
1329 3761 1447 3831 cont0,

216 3867 418 3953 priuandolo
438 3867 518 3933 dell’
538 3887 600 3933 uso
615 3865 650 3931 di
667 3867 779 3951 quelle
796 3869 904 3953 (come
927 3866 975 3932 lui
1003 3869 1130 3934 mostrd
1155 3865 1255 3933 etiam
1279 3865 1446 3951 priuarsi),

216 4005 278 4070 per
293 4003 386 4050 esser
402 3982 437 4059 in
453 3981 661 4068 pregiuditio
677 3982 757 4048 dell'
774 3982 963 4050 obedienza
986 3981 1101 4051 debita
1123 3981 1155 4046 al
1176 4003 1239 4049 suo
1260 3980 1445 4066 superiore;

216 4111 265 4182 et,
282 4100 433 4168 secondo
449 4100 482 4164 la
497 4097 721 4184 dispositione
736 4101 801 4167 che
824 4098 853 4164 si
874 4101 962 4165 uede
979 4099 1068 4166 delle
1087 4117 1179 4177 cose,
1199 4097 1308 4183 potria
1329 4117 1448 4182 parere

216 4213 453 4284 meritamente
477 4235 547 4279 non
570 4217 662 4281 fosse
687 4227 783 4281 tanto
806 4236 868 4301 per
887 4195 1063 4282 dinotione
1090 4235 1111 4280 o
1134 4213 1303 4282 desiderio
1327 4213 1362 4282 di
1385 4212 1448 4298 pid

215 4331 433 4418 perfettione,
451 4342 581 4415 quanto
603 4352 664 4416 per
686 4331 827 4398 uolonta
847 4333 883 4396 d’
906 4332 1018 4401 uscire
1037 4332 1093 4399 dal
1114 4342 1213 4398 santo
1237 4330 1342 4416 giogo
1365 4329 1446 4395 dell'
1559 4304 1564 4315 Ι

214 4447 404 4516 obedienza
424 4457 515 4513 sotto
536 4447 584 4512 tal
604 4448 729 4527 colore,
748 4446 771 4512 il
794 4449 862 4516 che
885 4471 953 4514 non
976 4449 1119 4516 sarebbe
1143 4469 1246 4516 senza
1269 4446 1445 4525 scandale,

213 4565 271 4634 del
292 4563 394 4649 quale
417 4576 524 4648 tengo
547 4574 641 4629 certo
664 4585 732 4630 non
754 4563 870 4631 uorria
893 4585 1008 4634 essere
1034 4587 1138 4631 causa
1161 4585 1239 4630 esso
1264 4565 1364 4629 Mtro.
1391 4561 1447 4630 Si-

213 4681 394 4748 mone.·Et
409 4679 483 4746 cosi
503 4680 526 4744 l’
548 4691 683 4746 essorto
704 4702 723 4746 a
743 4702 880 4749 eercare
901 4683 932 4746 la
954 4681 1069 4765 quiete
1090 4681 1157 4747 del'
1175 4679 1290 4748 animo
1310 4689 1345 4746 et
1362 4699 1448 4764 pace
