3500 5367
592 1092 1052 1182 PRAEFATIO

271 1555 501 1624 volventibus
516 1556 630 1623 animo
646 1555 758 1642 prisca
772 1558 992 1643 antiquorum
1007 1561 1148 1625 Patrum
1162 1526 1435 1649 SocietatisJesu

194 1684 441 1754 monumenta,
458 1692 576 1738 eorum
593 1692 730 1758 nempe,
748 1672 806 1757 qui
823 1673 867 1739 ad
888 1694 963 1740 eam
985 1694 1105 1741 recens
1125 1674 1297 1741 conditam
1318 1696 1437 1743 acces-

196 1800 323 1853 serunt
340 1786 617 1871 familiariterque
633 1788 787 1874 ejusdem
804 1786 1000 1856 institutore
1022 1788 1155 1876 lgnatio
1178 1790 1231 1855 usi
1253 1801 1348 1873 sunt,
1370 1792 1433 1857 dum

197 1904 299 1969 bium
315 1925 392 1971 esse
409 1924 477 1969 non
494 1915 608 1990 potest
623 1903 705 1988 quin
722 1904 756 1970 in
770 1904 890 1990 primis
901 1925 1066 1991 magnum
1079 1905 1163 1972 illud
1176 1928 1216 1972 ac
1227 1928 1370 1992 prorsus
1382 1907 1435 1972 in-

197 2019 378 2098 credibile,
393 2040 462 2105 quo
477 2018 525 2085 illi
541 2039 661 2087 omnes
677 2022 896 2100 tenebantur,
911 2019 1064 2087 studium
1076 2024 1290 2101 obversetur,
1305 2023 1435 2091 sciendi
1524 2016 1526 2020 ’

197 2157 291 2219 quae
307 2136 352 2201 ad
368 2135 493 2221 Ignatii
508 2135 627 2216 vitam,
646 2148 827 2222 postquam
843 2136 873 2203 is
888 2137 932 2204 ad
948 2138 1073 2203 bonam
1086 2139 1222 2224 frugem
1235 2160 1274 2205 se
1287 2138 1435 2225 recepis-

196 2266 263 2331 set,
276 2253 490 2336 spectabant.
502 2252 589 2318 Nam
600 2271 662 2318 eos
671 2250 880 2319 instantibus
889 2252 1187 2339 precibusdiuque
1198 2253 1331 2321 iteratis
1339 2253 1435 2319 illum

196 2367 454 2451 quodammodo
481 2366 638 2453 coegisse
661 2368 871 2453 accepimus,
896 2378 936 2434 ut
950 2390 1092 2434 suorum
1119 2380 1274 2436 actorum
1290 2385 1434 2436 'cursum

197 2482 384 2550 memoriae
401 2483 572 2568 proderet,
591 2492 625 2550 et
642 2504 683 2550 ea
695 2483 922 2569 potissimum,
937 2504 1028 2569 quae
1039 2486 1135 2551 Deus
1147 2484 1233 2571 Opt.
1248 2487 1339 2553 Max.
1354 2506 1433 2551 cum

198 2599 275 2685 ipso
292 2597 433 2685 egisset,
453 2618 611 2683 quaeque
625 2596 748 2679 socios,
764 2610 837 2665 tum
855 2599 914 2685 qui
926 2600 997 2685 jam
1010 2599 1175 2668 Societati
1191 2601 1431 2682 adhaeserant,

183 2727 186 2731 “
199 2710 280 2780 ῐυιπ
292 2714 351 2799 qui
364 2713 398 2779 in
411 2726 586 2799 posterum
600 2712 710 2783 eidem
723 2715 980 2801 copularentur,
992 2714 1028 2781 in
1040 2727 1200 2802 suscepta
1211 2728 1272 2782 aut
1283 2715 1433 2785 ineunda

196 2828 340 2895 vivendi
357 2829 488 2896 ratione
505 2830 548 2895 ad
564 2831 726 2915 majorem
743 2830 809 2897 Dei
824 2830 969 2917 gloriam
984 2832 1238 2941 confirmarent.
1341 2819 1345 2826 ²

267 2946 390 3030 Neque
407 2967 489 3013 vero
506 2966 584 3013 cum
601 2968 642 3014 ea
660 2947 785 3013 vellent
806 2968 1028 3033 cognoscere,
1047 2946 1244 3014 curiositate
1260 2969 1347 3015 vana
1368 2947 1430 3011 du-

197 3063 381 3129 cebantur.
407 3063 485 3129 Non
509 3062 599 3127 enirn
621 3062 764 3147 perinde
787 3084 827 3129 ac
850 3084 927 3140 nos,
953 3061 1011 3149 qui
1033 3062 1203 3149 Ignatium
1224 3062 1366 3128 summis
1390 3064 1433 3128 ab

197 3176 344 3243 ecclesia
361 3175 550 3272 honoribus
566 3179 777 3244 cumulatum
794 3176 952 3259 colimus,
966 3176 1013 3242 illi
1030 3178 1129 3263 primi
1144 3177 1227 3243 socii
1243 3176 1433 3245 sodalitatis

196 3306 335 3359 nostrae
351 3303 540 3375 auctorem,
559 3293 593 3359 in
606 3292 693 3359 vivis
706 3306 879 3379 agentem,
894 3294 1157 3361 venerabantur.
1173 3296 1245 3361 Nos
1258 3293 1429 3379 equidem,

196 3409 268 3475 nati
286 3420 365 3493 post
381 3409 444 3475 tria
460 3411 503 3477 ab
521 3408 655 3497 Ignatio
671 3411 819 3489 saecula,
838 3429 908 3500 non
920 3408 1022 3475 modo
1035 3407 1125 3475 illius
1137 3408 1353 3475 sanctitatem
1371 3430 1430 3476 ve·

196 3522 339 3591 rissimis
353 3524 556 3590 testimoniis
567 3524 772 3591 declaratam
786 3524 1019 3610 agnoscimus,
1032 3526 1094 3591 sed
1106 3523 1208 3590 etiam
1222 3523 1429 3591 Societatem

198 3641 239 3705 ab
257 3640 315 3705 illo
331 3638 521 3706 institutam
538 3638 687 3707 oraculis
699 3639 913 3727 pontificum,
929 3640 1093 3725 temporis
1104 3640 1342 3716 diuturnitate,
1359 3640 1429 3704 fru-

198 3755 311 3821 ctibus
327 3754 508 3822 uberrimis
524 3754 652 3839 ubique
670 3766 838 3822 terrarum
855 3757 1075 3841 approbatam
1093 3754 1173 3821 laeti
1185 3754 1427 3839 conspicimus:

197 3869 245 3934 illi
264 3890 357 3952 vero,
376 3890 582 3956 quamquam
596 3867 767 3956 ignatium
779 3868 1028 3935 divinissimum
1041 3892 1117 3939 esse
1130 3869 1305 3935 hominem
1319 3880 1355 3937 et
1367 3890 1429 3933 no-

198 3998 320 4051 verant
336 3996 371 4052 et
388 3986 596 4066 fatebantur,
614 3984 695 4070 quia
711 3996 825 4053 tamen
843 4005 931 4071 opus
947 3984 1151 4052 moliebatur
1163 3984 1429 4070 religiosumque

199 4100 352 4166 ordinem
369 4100 568 4167 instituebat
585 4124 604 4167 a
625 4101 782 4183 caeteris,
806 4113 878 4166 tum
901 4101 1126 4179 exstantibus
1145 4101 1181 4166 in
1198 4100 1314 4165 multis
1331 4100 1430 4165 valde

200 4217 385 4299 diversum,
403 4217 504 4301 cujus
519 4219 693 4303 exemplar
709 4238 749 4283 ac
767 4216 872 4283 totius
889 4216 1035 4283 instituti
1051 4216 1328 4302 designationem
1345 4237 1428 4280 nus·

200 4354 301 4416 quam
317 4332 373 4400 ille
389 4332 527 4417 quidem
544 4334 635 4417 apud
651 4332 735 4399 alios
751 4332 989 4419 religiosarum
1009 4332 1212 4398 familiarum
1233 4331 1428 4397 conditores

201 4447 329 4513 viderat
345 4449 534 4534 legeratve,
553 4470 676 4535 operae
692 4448 838 4534 pretium
855 4468 932 4516 esse
948 4460 983 4513 et
1004 4470 1023 4515 e
1044 4470 1081 4514 re
1103 4448 1175 4515 fore
1195 4449 1369 4515 ducebant
1392 4468 1429 4513 se

201 4564 333 4631 edoceri
357 4562 523 4631 rationem
545 4574 579 4631 et
600 4564 751 4645 modurn,
775 4562 901 4647 quibus
922 4566 1019 4631 Deus
1038 4564 1210 4649 lgnatium
1232 4584 1251 4627 a
1273 4572 1427 4641 terreno-

203 4701 274 4745 rum
291 4700 461 4747 armorum
479 4679 623 4765 strepitu
641 4680 683 4744 ad
704 4680 886 4753 caelestem
909 4678 1063 4744 militiam
1083 4678 1321 4758 convertisset,
1344 4698 1430 4742 con·-
