3500 5367
476 472 524 526 Ds
543 482 635 527 Actis
654 469 685 526 S.
707 470 829 526 leuant
849 484 869 524 a
888 470 1110 525 mansuerus
1318 464 1370 523 361

170 623 264 689 enim
281 624 364 693 satis
376 623 524 709 memini)
537 624 659 691 beatae
676 622 805 691 Mariae
824 625 846 657 '⁸
864 643 1002 689 sacrum
1020 620 1113 704 fecit,
1128 623 1335 708 Laynezque
1350 642 1406 688 re·
1514 694 1519 700 ,

169 739 327 827 scripsit:
345 740 411 809 feci
428 742 520 828 quod
541 738 680 827 petiisti,
707 750 782 807 esto
809 740 901 805 bono
924 750 1114 824 pacataque
1135 737 1250 804 animo
1272 759 1312 805 ac
1334 758 1421 815 tem.

170 858 301 923 factam
317 858 421 941 habe,
435 856 597 942 quoniam
614 854 700 921 citra
715 856 818 920 ullam
835 853 1084 921 dubitationem
1100 852 1198 920 breui
1209 876 1253 920 ex
1264 864 1404 921 senten*

171 971 219 1037 tia
230 971 444 1039 conficietur.
463 968 613 1061 Mlir]um
629 983 643 1021 r
659 970 766 1037 dictu:
784 969 820 1037 in
837 981 961 1037 octaua
975 969 1083 1056 ipsius
1099 969 1189 1053 sesti,
1212 990 1281 1055 quo
1302 969 1404 1038 missa

167 1088 344 1157 celebrata
359 1099 423 1168 est,
442 1087 619 1175 negotium
636 1086 683 1154 ita
704 1108 746 1154 ex
767 1098 849 1153 uoto
870 1084 1049 1167 successit,
1074 1095 1113 1151 ut
1132 1083 1252 1151 maiori
1272 1084 1404 1154 foelici-

170 1213 242 1269 tate
258 1213 293 1271 et
308 1205 474 1301 applausu
490 1202 613 1269 confici
630 1224 698 1269 non
715 1201 869 1287 potuisse
885 1199 1055 1268 uideatur.
1074 1201 1187 1286 Supra
1202 1222 1297 1287 spem
1310 1212 1403 1267 certe

168 1340 227 1386 res
241 1318 357 1401 cessit3
376 1340 455 1387 cum
476 1318 566 1387 enim
585 1320 650 1387 260
672 1319 707 1386 in
728 1330 851 1385 senatu
872 1328 988 1387 essent
1008 1316 1173 1403 suffragia
1194 1315 1399 1403 colligenda,

170 1452 237 1517 244
257 1435 369 1517 nobis,
389 1456 408 1520 3
430 1436 478 1502 illi
499 1437 659 1505 sauerunt
679 1438 716 1515 ¹⁷,
735 1434 865 1519 reliqua
879 1419 987 1499 dubia
1002 1433 1154 1499 fuerunt.
1171 1434 1289 1518 Itaque
1305 1441 1402 1499 tanto
1474 1466 1477 1473 ·

167 1550 360 1617 animorum
373 1572 543 1619 consensu
557 1572 612 1618 res
625 1562 697 1617 tota
712 1551 864 1637 perfecta
876 1560 942 1629 est,
957 1559 996 1614 ut
1008 1547 1168 1615 omnibus
1183 1546 1401 1615 admirationi

163 1676 271 1746 esset,
290 1667 483 1734 dicentibus
498 1690 536 1735 se
556 1688 732 1752 nunquam
754 1676 885 1733 tantam
904 1675 1046 1733 senatus
1066 1663 1326 1731 consensionem
1343 1664 1399 1731 ui-

165 1782 271 1851 disse.
291 1786 407 1868 Atque
420 1794 459 1850 ut
475 1805 542 1851 non
560 1782 737 1850 hominum
753 1780 935 1861 industria,
949 1781 1011 1848 sed
1027 1778 1092 1847 Dei
1104 1781 1171 1845 hoc
1189 1779 1317 1845 tactum
1337 1800 1399 1846 uo·

165 1898 300 1966 luntate
311 1898 502 1979 credamus,
513 1920 584 1985 quo
596 1897 652 1965 die
664 1919 719 1964 res
727 1897 770 1963 ad
782 1907 939 1963 senatum
953 1896 1060 1961 relata
1071 1904 1137 1976 est,
1147 1894 1249 1961 amici
1260 1894 1398 1979 quidam

164 2012 274 2077 nostri
290 2024 326 2079 et
342 2012 518 2099 primariae
545 2014 634 2081 inter
661 2011 816 2099 patritios
843 2010 1059 2079 authoritatis
1084 2009 1161 2091 uiri,
1184 2010 1242 2094 qui
1264 2020 1398 2077 nostras

161 2138 280 2211 partes
297 2131 492 2211 tuebantur,
510 2128 546 2195 in
561 2126 742 2215 senatulm]
761 2150 804 2195 eo
821 2126 895 2213 ipso
907 2126 975 2207 die,
990 2125 1066 2193 aliis
1076 2125 1217 2193 distenti
1230 2125 1394 2213 negotiis,

162 2264 234 2309 non
252 2255 436 2328 uenerunt,
454 2257 494 2311 ut
508 2247 552 2311 ab
568 2244 634 2323 illis
650 2243 746 2325 nudi,
764 2265 784 2311 a
804 2246 880 2311 Deo
900 2242 1034 2324 armati,
1052 2244 1140 2322 Deo,
1159 2264 1227 2309 non
1245 2240 1324 2323 illis,
1343 2241 1395 2307 ui-

159 2358 304 2427 ctoriam
319 2359 558 2429 tribueremus.
578 2362 678 2430 Adde
695 2361 786 2446 quod
803 2358 1021 2427 aduersarius
1040 2358 1176 2438 nobilis,
1199 2358 1311 2437 diues,
1330 2360 1393 2423 ho-

159 2486 314 2555 noratus,
337 2475 455 2544 amicis
483 2476 666 2562 opulentus
694 2486 779 2557 etat3
809 2496 872 2541 nos
900 2473 1084 2561 peregrini,
1114 2472 1325 2561 pauperculi,
1344 2487 1391 2555 et,

157 2590 256 2673 quod
271 2591 416 2658 maxime
432 2603 505 2661 erat
521 2593 691 2675 odiosum,
706 2590 840 2677 hispani
856 2613 976 2658 omnes
992 2612 1140 2670 eramus
1159 2589 1217 2675 qui
1234 2611 1305 2657 rem
1324 2598 1394 2655 tra-

157 2705 353 2787 ctabamus
372 2709 531 2777 ete—R.

227 2836 283 2905 53.
332 2824 436 2889 Anno
464 2824 559 2907 1546,
586 2824 740 2891 kalendis
763 2822 929 2909 Augusti,
954 2826 1057 2890 Pater
1077 2821 1243 2907 magister
1264 2823 1391 2889 Petrus

157 2932 270 3003 Faber
286 2938 414 3006 Romae
429 2951 441 2980 ¹
456 2939 546 3009 diem
563 2961 663 3007 suum
680 2938 763 3005 obiit
779 2938 1008 3033 foelicissime3
1032 2958 1109 3003 cum
1128 2959 1213 3004 uero
1235 2936 1391 3003 nonnulli

154 3074 201 3120 ex
214 3052 339 3121 nostris
356 3055 441 3123 tanti
459 3054 571 3123 Patris
583 3056 678 3122 obitu
693 3054 1011 3136 moererent,‚cuius
1023 3054 1096 3121 uita
1106 3053 1291 3140 plurimum
1305 3074 1389 3119 con·
1432 3133 1436 3146 ὓ

155 3168 277 3234 tulisse
302 3168 479 3251 Societati,
501 3172 599 3257 plura
625 3172 739 3239 adhuc
765 3172 922 3239 conferre
948 3190 1050 3257 posse
1074 3169 1261 3249 uideretur,
1286 3170 1389 3235 Pater

153 3292 273 3353 noster
297 3285 463 3371 ignatius:
493 3286 576 3353 nihil
604 3298 668 3366 est,
698 3285 822 3372 inquit,
845 3287 938 3372 quod
964 3286 1153 3366 doleamus;
1178 3284 1274 3349 dabit
1298 3283 1389 3352 enim

152 3398 324 3467 Dominus
340 3422 402 3487 pro
413 3402 441 3469 F
441 3403 525 3469 abro
537 3404 693 3482 alterum,
708 3401 767 3488 qui
779 3424 833 3471 res
846 3400 1028 3471 Societatis
1041 3402 1148 3467 multo
1160 3399 1271 3487 magis
1283 3422 1384 3485 quam

155 3514 269 3581 Faber
280 3528 408 3602 augeat
419 3528 454 3585 et
465 3516 623 3587 illustret.
640 3520 756 3604 Atque
773 3518 820 3585 ita
836 3518 975 3605 quidem
987 3529 1082 3586 certe
1095 3518 1223 3585 tactum
1236 3528 1301 3598 est;
1317 3518 1387 3583 dux

157 3654 358 3667 -ffi

208 3734 222 3772 1
258 3720 342 3775 Haec
355 3738 423 3789 vox,
436 3738 525 3793 quar,
544 3722 651 3777 charta
664 3724 786 3787 attrita,
799 3740 835 3779 ax
850 3727 939 3796 parte
952 3724 1088 3787 evanuit,
1101 3740 1121 3776 a
1134 3722 1242 3778 Natali
1256 3721 1288 3775 in
1303 3739 1388 3775 mar·

145 3809 226 3881 gine
243 3810 386 3865 restituta
403 3816 456 3866 est.
496 3800 542 3853 -ὶ
561 3811 598 3866 In
616 3812 770 3885 margine,
786 3813 828 3867 ad
846 3812 972 3867 initium
988 3810 1080 3883 hujus
1093 3813 1300 3885 paragraphi,
1316 3813 1388 3867 haec

152 3896 370 3962 Ribadaneira,
384 3916 471 3970 quae,
483 3916 519 3955 ex
529 3904 619 3971 parta
631 3914 700 3957 cum
709 3903 815 3956 charta
829 3902 937 3966 recisa,
948 3901 981 3955 in
991 3900 1090 3956 attero
1099 3899 1243 3973 margine
1254 3901 1387 3955 restituit

151 3983 287 4041 Natalis:
302 3987 355 4042 Asi
369 3988 398 4042 lo
413 4004 431 4043 e
450 3986 621 4057 entendido;
636 4004 707 4061 pero
724 4006 834 4063 parque
848 3988 876 4044 io
890 4006 928 4045 no
950 3997 1053 4045 estana
1066 4006 1104 4045 en
1123 3990 1216 4044 Roma
1233 3997 1386 4055 entonces,

150 4089 192 4128 no
205 4074 233 4129 lo
251 4092 284 4129 se
298 4074 424 4147 [Natalis
438 4077 530 4149 ascen]
544 4076 582 4133 cle
595 4078 699 4134 cletta.

155 4188 355 4201 -ᾞ

189 4242 212 4275 ¹⁶
247 4242 292 4297 Ex
304 4242 414 4313 tgnam
427 4244 534 4301 litteris
547 4245 584 4301 ad
602 4246 737 4303 Lainium
755 4247 843 4318 datis,
859 4266 914 4303 suo
927 4255 1060 4320 tempore
1080 4247 1195 4303 anobis
1217 4250 1299 4321 prelo
1317 4250 1386 4303 sub·

150 4329 315 4400 mittendis,
330 4342 447 4389 coastat
460 4332 508 4389 die
522 4335 656 4391 nascenti
670 4336 815 4408 Deiparae
829 4353 914 4393 sacro
931 4336 1063 4394 divinam
1081 4338 1207 4393 hostiam
1222 4338 1384 4409 Deolgna·

147 4418 227 4473 tium
240 4420 352 4478 litasse.
370 4421 491 4487 Cartas,
506 4422 542 4495 Π,
561 4422 620 4479 136.

189 4510 210 4542 ¹⁷
248 4508 389 4566 Mendosa
402 4509 500 4566 lectio:
515 4513 589 4569 hanc
602 4513 717 4585 corrige
730 4532 768 4569 ex
782 4516 948 4586 l’otttttco,
961 4516 1085 4583 Chron„
1096 4518 1121 4587 1,
1137 4516 1200 4588 273,
1214 4517 1264 4574 ubi
1277 4516 1383 4573 dicitur

149 4595 291 4667 suffragia
304 4615 357 4669 pto
369 4598 518 4656 Societete
532 4600 623 4657 tuisse
640 4600 701 4674 143,
711 4612 812 4660 contra
825 4605 919 4676 ipsam
929 4622 1012 4677 vero,
1023 4606 1226 4663 tantummodo
1238 4606 1306 4662 dno.
1318 4606 1383 4661 Hoc

150 4684 248 4754 ipsum
261 4686 367 4743 scribit
379 4688 499 4745 Lainius
509 4686 540 4745 S.
555 4690 670 4761 Ignatio
684 4705 718 4747 22
731 4692 916 4764 Septembris
930 4695 1008 4765 1548.
