3500 5367
39 16 569 152 *a*

472 539 630 598 Earsrora
651 531 807 612 Ρζίιιιιιι
825 543 868 592 nn
887 536 918 592 S.
941 537 1075 594 torano
1316 551 1352 611 99

148 699 259 767 Mtro.
278 695 425 786 Ignatio‚
448 696 630 765 refiriendo
650 694 785 781 aquello
806 713 886 781 que,
908 715 971 782 por
985 691 1193 778 edificacidn
1209 701 1386 764 nuestrad

148 814 196 882 de
214 823 310 880 otros
330 825 518 900 presentes,
541 831 586 880 en
606 810 731 898 ciertos
752 809 898 898 tiempos
917 831 941 896 y
960 810 1101 900 lugeres
1116 810 1236 879 hemos
1252 812 1387 880 sentido

145 929 222 1014 del,
241 935 263 998 6
277 929 446 1018 collegido
462 929 504 998 de
519 951 579 998 sus
593 929 762 1016 palabras
781 928 812 994 Y
829 936 961 1013 quanto
974 933 995 996 t
1010 924 1045 994 lo
1062 928 1259 1014 damasque
1275 935 1387 996 tocai

146 1048 205 1115 los
222 1045 408 1134 principios
423 1045 467 1116 de
482 1047 516 1113 la
530 1047 731 1133 Compailla,
750 1043 924 1112 habiando
940 1064 1040 1112 corno
1055 1043 1211 1134 testigos,
1229 1054 1327 1131 parte
1342 1046 1387 1113 de

148 1165 244 1252 oyda
256 1183 280 1250 y
292 1173 388 1252 parte
400 1163 443 1230 de
459 1162 561 1245 uista,
576 1161 834 1232 remitiendome
846 1182 889 1228 en
902 1161 984 1228 todo
996 1166 1017 1228 a
1027 1158 1060 1228 la
1073 1162 1203 1252 uerdad
1214 1184 1237 1249 y
1249 1162 1282 1230 al
1294 1162 1386 1231 buen

144 1279 272 1366 juizio,
289 1287 569 1367 que'esperamos
585 1300 623 1346 os
639 1283 715 1346 sera
730 1279 820 1346 dado
836 1279 880 1347 de
896 1286 1038 1346 nuestro
1054 1279 1165 1348 Schor
1181 1299 1262 1365 para
1279 1289 1388 1346 tomar

150 1381 302 1483 y'dexar
316 1395 409 1466 delo
424 1395 574 1485 escripto
589 1399 701 1484 segdn
718 1415 798 1482 que,
813 1396 879 1462 ila
890 1394 999 1481 gloria
1010 1396 1054 1462 de
1066 1415 1108 1462 su
1120 1393 1238 1463 diuina
1250 1415 1385 1482 mages-

151 1512 212 1580 tad
228 1535 253 1600 y
269 1519 290 1580 a
305 1511 504 1600 edificacidn
520 1513 576 1580 del
590 1511 745 1600 proximo
761 1517 833 1578 mis
848 1509 1030 1591 conulene,
1048 1513 1081 1578 le
1096 1518 1286 1599 parescerd.
1313 1500 1317 1512 ¹

203 1613 405 1710 'Dexandm
416 1650 513 1717 pum,
523 1640 641 1717 aparte
653 1651 720 1715 que
732 1627 763 1694 el
778 1629 818 1696 Ρ.
834 1631 934 1696 Mtro.
951 1628 1085 1715 Ignatio
1097 1650 1135 1697 es
1147 1629 1250 1696 noble
1261 1639 1390 1714 quanto
1497 1667 1505 1682 ·

155 1747 188 1816 al
204 1747 312 1836 siglo,
330 1767 353 1834 y
371 1749 414 1814 de
432 1769 499 1814 una
514 1746 556 1814 de
577 1746 626 1814 las
652 1765 750 1812 casas
776 1743 981 1831 principales
1007 1742 1051 1812 de
1068 1765 1112 1812 su
1129 1744 1231 1814 tierra
1246 1746 1273 1828 '3
1290 1766 1314 1832 y
1329 1767 1391 1833 pa-

156 1925 241 1998 ratis,
261 1919 381 1982 exstant
398 1925 457 1981 duo
478 1924 569 1982 latina
592 1923 738 1996 exempla,
752 1939 789 1978 ex
812 1921 948 1994 originali
970 1921 1117 1996 versione,
1132 1921 1251 1981 Matrito
1268 1924 1392 1980 Romam

157 2009 449 2088 missa,'ex'scripta.
472 2013 506 2070 ln
528 2011 631 2070 codice
655 2007 787 2068 Collatia
808 2013 866 2084 per
889 2009 926 2068 P.
950 2011 1109 2080 Natalem,
1132 2013 1268 2086 superius
1289 2013 1392 2085 citato,

158 2105 187 2160 ff.
203 2103 343 2175 239251r
356 2112 454 2160 exstat
470 2103 593 2159 latinum
616 2101 705 2159 etiam
728 2102 908 2174 exemplum.
933 2100 965 2158 ln
978 2103 1111 2174 margine
1133 2101 1196 2160 folii
1209 2101 1277 2175 239r
1289 2103 1363 2159 haec
1376 2120 1394 2158 a

158 2193 341 2266 Polanco,.ni
353 2191 492 2257 fallimur.
502 2189 612 2266 scripta
624 2200 704 2248 sunt:
720 2189 895 2262 «Exemplar
907 2190 1021 2264 hispan.
1032 2190 1261 2264 [amissumadni
1270 2209 1393 2249 corrosa

158 2281 627 2355 eeceaua]1²rem.1³01aneum
648 2281 689 2336 16*
702 2279 815 2352 Juniis>
837 2279 978 2353 Sequitur
999 2282 1072 2337 haec
1093 2281 1256 2351 annotatio,
1277 2281 1396 2338 diverso

160 2384 297 2448 tempore
309 2381 438 2430 exarata:
455 2373 591 2434 «Dictatis
604 2369 768 2428 Salmeroni
785 2377 843 2442 est,
862 2387 921 2429 non
938 2372 1056 2428 missa.»
1069 2373 1104 2430 In
1121 2373 1176 2430 hac
1194 2373 1331 2430 versione
1344 2373 1395 2429 ali·

158 2481 234 2538 quae
247 2463 472 2536 conspiciuntur
484 2460 707 2519 emendationes
721 2477 808 2517 manu
822 2460 858 2517 Ρ.
874 2460 987 2517 Natalis
1000 2461 1106 2520 facme.

198 2551 347 2610 Tandem
359 2551 488 2609 rtalrcam
498 2566 666 2607 versronern
678 2550 798 2608 habant
812 2549 907 2606 codes
921 2549 1088 2612 Notitiae...
1108 2553 1143 2608 S.
1160 2553 1278 2627 Ignat„
1297 2551 1328 2607 ff.
1349 2563 1395 2622 55·

160 2643 220 2717 7⁶r;
234 2651 266 2718 et
281 2639 426 2698 Mentoris
440 2640 537 2710 varie,
551 2639 642 2711 ff.46-
633 2652 690 2710 -57.

212 2713 427 2804 Apdgrnphum
439 2728 660 2788 autemcodicis
682 2729 753 2785 Var.
772 2728 890 2788 Histor.
913 2729 981 2785 ideo
1001 2729 1225 2803 praeterendum
1245 2730 1395 2799 duximus,

160 2801 236 2895 quod
251 2823 281 2892 1)
303 2837 340 2876 ex
362 2819 426 2894 ipso
448 2817 591 2891 originali,
611 2819 685 2874 aP.
710 2814 881 2874 Salm'erone
903 2818 1055 2892 hispanice
1072 2827 1204 2890 exarato,
1224 2819 1396 2876 immediate

161 2910 348 2984 desumptum
360 2907 453 2966 luisse
466 2908 593 2964 videtur.
605 2907 669 2962 Hoc
682 2907 760 2964 enim
774 2903 804 2963 Ιιι
818 2906 960 2981 Hispania
972 2909 1042 2964 olim
1060 2909 1214 2966 exstitisse
1232 2916 1316 2966 certo
1327 2925 1397 2965 con·

161 3008 268 3057 stater
283 2998 453 3056 testimonio
467 2997 562 3054 Patris
575 2997 716 3070 Gasparis
737 2995 776 3053 de
798 2995 939 3057 Pedrosa.
962 2999 1159 3070 procuratoris
1180 2998 1330 3069 generalis
1343 2998 1397 3054 So·

162 3090 279 3148 cietatis
291 3090 365 3162 Jesu
383 3107 436 3162 pro
451 3088 612 3162 Hispaniae
632 3086 803 3161 provinciis,
816 3087 866 3160 qui
879 3086 911 3143 in
932 3089 1078 3145 Processu
1099 3088 1265 3147 matritensi
1278 3087 1351 3145 illud
1363 3105 1396 3144 se

164 3177 272 3235 vidisse
287 3184 423 3234 testatur.
438 3179 504 3256 Jam
523 3174 684 3234 verisimile
702 3171 821 3232 omnino
840 3184 887 3233 est
904 3177 1023 3233 Patrem
1042 3176 1191 3247 Castrum,
1209 3177 1260 3252 qul
1272 3177 1397 3250 diligen·

163 3266 292 3324 tissimus
303 3273 375 3336 erat,
390 3283 427 3323 ex
438 3265 542 3323 eodem
553 3264 791 3339 exemplari,non
801 3275 901 3323 autem
914 3265 1266 3340 aliunde,transumptnm
1277 3265 1396 3338 fecisse,

163 3356 238 3428 quod
251 3358 283 3414 in
303 3357 430 3412 Variam
442 3355 613 3415 Historiam
628 3354 753 3428 ipsemet
762 3354 903 3426 conjecit.
918 3355 979 3412 Cur
992 3340 1072 3412 enirn
1081 3373 1119 3412 ex
1131 3356 1191 3413 alio
1202 3355 1397 3428 describeret,

166 3447 299 3518 neglecto
310 3445 489 3501 Salmeronis
499 3443 645 3516 originali,
656 3443 734 3518 quod
744 3442 775 3500 in
785 3443 929 3517 Hispania
938 3443 1115 3502 habebatur?
1124 3448 1152 3516 2)
1162 3445 1320 3503 Praeterea
1333 3446 1398 3502 lati·

167 3551 200 3590 na
213 3535 311 3592 versio
329 3531 417 3607 hujus
434 3532 588 3606 epistolae,
602 3550 677 3606 quae
695 3540 793 3590 exstat
811 3533 841 3589 in
855 3532 940 3589 initio
953 3542 976 3589 t.
990 3531 1004 3587 1
1016 3533 1082 3590 cod.
1098 3533 1269 3590 chronicon
1282 3535 1314 3595 S.
1328 3533 1363 3608 J.
1376 3553 1397 3590 a

169 3613 308 3688 Polanco,
328 3621 371 3680 sic
382 3627 507 3695 -pro'rsus
524 3621 665 3678 convenit
683 3637 751 3678 cum
770 3621 938 3696 apographo
955 3631 1067 3694 nostro,
1084 3622 1122 3678 de
1139 3640 1197 3697 qno
1217 3622 1344 3696 agimus,
1364 3630 1397 3679 ut

101 3709 104 3714 “
168 3709 296 3782 ejusdem
310 3712 453 3785 epistolae
463 3709 562 3766 versio
572 3709 719 3781 litteralis,
730 3709 826 3767 fidelis
836 3710 955 3785 quidem
966 3711 1019 3768 sed
1032 3710 1258 3785 simplicissima,
1273 3712 1398 3768 dicenda

170 3797 215 3872 sit,
226 3801 292 3858 sive
305 3799 518 3858 sententiarum
530 3799 674 3870 ordinem,
685 3800 750 3856 sive
763 3801 921 3857 verborum
934 3800 1078 3857 ambitum
1091 3808 1122 3857 et
1130 3801 1317 3874 hyperbaton
1329 3817 1386 3858 con

175 3843 297 3948 siderare
311 3890 397 3948 velis.

220 3980 309 4038 Aliud
326 3997 398 4037 vero
415 3978 616 4053 apographum
634 3977 781 4034 edendum
799 3939 888 4035 etiarn
904 3978 1113 4053 judicavimus,
1128 3988 1191 4037 tum
1208 3982 1278 4056 quia
1294 3998 1398 4055 reapse

55 4081 57 4140 ’ἐ
175 4083 300 4142 magnam
314 4063 520 4127 auctoritatem
533 4069 633 4140 habet,
648 4074 711 4124 tum
723 4067 803 4142 quia,
817 4085 842 4124 sr
834 4068 1016 4126 lectionum
1027 4071 1155 4128 varietas
1158 4070 1285 4145 ,quibus
1295 4073 1333 4129 ab
1342 4073 1398 4127 hoc

56 4141 58 4178 ²
175 4156 261 4232 primo
276 4157 385 4232 differt,
404 4157 571 4214 adnotanda
588 4165 681 4230 essct,
694 4157 780 4214 vitari
793 4155 928 4214 conlusio
946 4159 996 4214 vix
1013 4168 1095 4216 certe
1112 4169 1224 4232 posset.
1239 4163 1408 4226 Exaratum·

177 4248 246 4304 eninr
256 4258 312 4318 est,
322 4256 355 4305 ut
364 4247 502 4316 diximus,
513 4265 530 4302 a
544 4246 632 4303 Patre
645 4247 790 4319 Jirnsnez,
805 4249 959 4304 ellectum
971 4265 1061 4322 saepe
1074 4257 1303 4324 usurpatamque
1316 4268 1334 4307 a
1346 4251 1399 4306 Pa·

178 4343 215 4393 ue
227 4338 333 4412 Natali,
344 4337 395 4412 qui
408 4337 485 4394 inter
498 4336 633 4410 scriptas
646 4353 679 4392 se
692 4337 816 4393 collecta
829 4337 903 4394 illud
914 4328 1112 4396 asseriabat.·

222 4429 383 4502 Epistolam
395 4428 426 4485 in
436 4444 489 4485 sex
499 4427 597 4500 capita
606 4425 806 4501 distinximus,
819 4435 850 4484 et
861 4428 1019 4505 unicuique
1033 4430 1125 4486 breve
1134 4430 1342 4505 compendium
1355 4448 1398 4488 re·

178 4531 234 4572 rum
247 4518 275 4575 in
288 4520 340 4576 illo
351 4526 556 4575 contentarum
569 4514 746 4573 addidimus.

223 4609 234 4640 ¹
268 4606 432 4666 videantur
443 4608 553 4680 passim
566 4605 736 4679 scriptores,
746 4623 797 4680 qur
789 4605 919 4678 Ignatii
932 4606 1023 4664 vitam
1036 4606 1143 4665 litteris
1155 4609 1339 4685 mandarunt,
1351 4611 1401 4667 Ri-

180 4691 334 4768 badsueira,
348 4697 470 4768 Bartoli‚
484 4695 591 4754 Garcia
608 4693 728 4770 aliique;
742 4697 820 4752 Aeto
840 4697 1034 4766 Sanctorum,
1048 4698 1103 4754 loc.
1118 4699 1187 4768 cit.,
1207 4699 1303 4756 DeS.
1317 4701 1400 4803 lgna·

182 4781 217 4837 ιιο
227 4785 448 4845 commentarius
459 4801 608 4859 praevius
623 4785 694 4856 5113
709 4792 740 4841 et
753 4785 871 4842 linaro
875 4788 1171 4861 ,Averiguaetmae
