3500 5367
409 475 595 531 processus
615 489 746 533 coxrnx
766 477 920 530 Mirumst
939 488 981 530 na
1000 475 1031 528 S.
1053 475 1215 532 Cassmxo
1340 479 1393 545 665

193 627 320 712 quibus
340 641 376 696 et
395 648 593 714 processum
622 650 727 713 penes
747 651 784 695 se
807 628 935 696 habere
954 627 1110 712 jactauit5
1137 629 1303 694 aduersus
1325 649 1427 713 quam

192 741 442 810 intimationem
454 741 561 808 nichil
577 743 723 828 amplius
734 743 876 823 dictum,
891 745 1076 810 deductum
1094 755 1128 809 et
1145 744 1329 829 allegatum
1347 743 1425 824 fuit,

192 869 231 923 vt
247 881 290 926 ex
307 859 393 924 actis
409 870 561 944 apparet3
580 868 615 925 et
631 858 851 924 nihilominus
867 859 1019 944 prefatus
1035 835 1194 924 dominus
1209 859 1369 938 vicarius,
1389 870 1426 924 vt

190 973 335 1061 asserit,
356 975 399 1040 ab
422 973 503 1043 inde
530 974 627 1054 citra,
656 974 709 1040 bis
732 973 956 1060 personaliter
984 973 1135 1040 visitauit
1152 969 1287 1040 'dictum
1312 975 1426 1040 locum

190 1089 389 1156 monialium
406 1092 557 1158 Sanctae
572 1091 741 1169 Marthae,
761 1089 920 1158 mulieres
936 1089 982 1154 ibi
1004 1089 1189 1158 existentes
1206 1089 1421 1175 singulariter

189 1205 430 1286 examinando}
450 1227 598 1286 necnon,
616 1216 653 1270 vt
674 1204 806 1286 asserit,
824 1205 1007 1291 diligenter
1028 1205 1282 1288 inquisitionem
1307 1204 1387 1272 fecit
1405 1228 1425 1271 a

188 1343 228 1388 se
244 1303 319 1408 ipso
334 1322 378 1389 de
393 1322 476 1402 vita,
495 1321 647 1388 moribus
659 1333 693 1388 et
709 1321 864 1387 doctrina
880 1319 1047 1386 dictorum
1066 1321 1343 1406 presbiterorum.

211 1470 217 1484 ·
258 1439 357 1517 ltem,
382 1437 504 1523 prefati
528 1437 606 1504 Rdi.
629 1437 758 1503 domini
781 1435 913 1504 domini
934 1449 945 1476 ²
969 1438 1181 1522 gubernator
1202 1418 1243 1504 et'
1260 1435 1421 1518 vicarius,

189 1553 251 1638 qui
263 1551 448 1619 nouissime
459 1553 616 1619 viderant
628 1551 845 1620 ‘relationem
858 1551 1030 1618 citationis
1043 1551 1229 1618 nouissime
1245 1551 1423 1618 intimatae

188 1667 283 1734 dicto
300 1667 464 1748 Mathiae,
479 1669 522 1734 ad
535 1667 720 1737 videndum
734 1689 837 1754 super
849 1666 1022 1754 premissis
1039 1667 1197 1733 omnibus
1213 1687 1254 1732 ac
1270 1679 1284 1716 Β
1299 1665 1421 1753 singu-

190 1781 232 1850 lis
248 1782 497 1850 ordinationem
513 1795 547 1849 et
567 1783 832 1851 declarationem
853 1783 927 1850 fieri
950 1806 1011 1870 pro
1027 1781 1236 1867 exequendis
1253 1781 1422 1848 mandatis

189 1898 311 1985 presan
328 1898 438 1966 ssm.
458 1899 586 1965 domm
602 1898 720 1965 nostri.
953 1881 955 1884 ’

235 2014 409 2093 Omnibus
421 2013 603 2101 diligenter
623 2014 704 2080 visis
716 2025 749 2081 et
764 2014 962 2100 perspectis,
977 2025 1012 2082 et
1027 2012 1251 2081 consideratis
1263 2014 1422 2081 conside·

188 2128 317 2211 randis,
335 2128 463 2195 Christi
480 2129 618 2198 nomine
633 2129 807 2209 inuocatO,
825 2128 997 2220 dixerunt,
1016 2129 1250 2208 sanciuerunt,
1269 2131 1420 2196 declara·

186 2255 313 2311 uerunt
325 2256 359 2312 et
372 2243 701 2330 pronunciauerunt,
715 2244 825 2312 dictas
837 2257 871 2312 et
884 2247 1108 2330 quascunque
1121 2244 1203 2310 alias
1216 2245 1421 2312 diffamatio-

187 2381 251 2426 nes
268 2361 364 2440 salse,
383 2361 511 2445 inique,
537 2361 653 2428 dolose
669 2373 704 2430 et
725 2359 890 2428 maledice
910 2361 1092 2447 euulgatas
1116 2359 1233 2442 fuisse,
1259 2361 1420 2446 ipsosque

185 2475 394 2561 presbiteros
414 2496 603 2562 eorumque
623 2476 928 2563 congregationem
950 2499 991 2544 ea
1012 2498 1087 2544 esse
1111 2475 1193 2556 vita,
1217 2497 1419 2560 morumque

185 2589 397 2677 integritate,
412 2612 452 2658 ac
464 2592 642 2678 religione,
657 2603 724 2657 tam
737 2592 892 2659 sincerae
904 2602 938 2659 et
950 2591 1138 2658 catholicae
1150 2590 1337 2673 doctrinae,
1350 2602 1418 2656 tam

153 2721 157 2725 ’
184 2707 309 2772 uberes
326 2709 458 2773 fructus
470 2708 541 2792 jam
559 2707 638 2775 inde
655 2729 675 2772 a
691 2706 807 2773 multis
822 2706 921 2772 annis
941 2705 976 2772 in
998 2727 1083 2793 agro
1099 2705 1269 2771 dominico
1285 2728 1416 2792 parere,

185 2842 228 2888 ea
254 2824 367 2890 famae
390 2823 589 2891 celebritate
611 2834 716 2908 atque
743 2823 925 2909 splendore
949 2824 1040 2908 apud
1063 2843 1181 2889 omnes
1202 2832 1237 2890 et
1258 2820 1363 2888 fuisse
1384 2833 1419 2902 et

184 2958 274 3017 esse,
290 2949 326 3003 vt
337 2936 483 3006 maiores
495 2937 654 3004 omnibus
666 2939 834 3006 conuiciis
845 2949 879 3005 et
892 2937 1081 3004 maledictis
1094 2959 1228 3023 semper
1244 2936 1419 3003 extiterint

183 3065 220 3119 et
243 3065 361 3122 extent
383 3052 410 3136 ¹¹3
434 3053 634 3121 nominatim
656 3054 791 3120 illorum
813 3053 1036 3141 prepositum,
1056 3052 1284 3121 venerabilem
1306 3053 1417 3118 virum

183 3167 360 3235 dominum
378 3169 548 3256 lgnatium
572 3171 617 3237 de
638 3171 779 3254 Loyola,
806 3169 988 3256 plurimum
1010 3168 1045 3234 in
1069 3169 1219 3236 Domino
1241 3189 1417 3234 commen-

179 3285 313 3350 dantes.
331 3287 449 3370 ltaque
464 3307 584 3353 corum
602 3287 691 3352 bona
711 3307 827 3371 opera,
847 3307 936 3370 quae
956 3283 1006 3351 eis
1022 3283 1058 3348 in
1075 3284 1148 3352 dies
1165 3285 1223 3351 dat
1239 3283 1413 3361 Christus,

178 3411 217 3466 vt
232 3400 267 3466 in
282 3399 348 3468 illis
365 3403 541 3471 ambulent
556 3406 592 3469 in
607 3402 785 3470 seruitium
799 3402 865 3470 Dei
882 3400 1049 3480 altissimi,
1065 3383 1167 3486 atque
1185 3399 1414 3472 obedientiam

178 3515 506 3603 sedisapostolicae,
525 3538 565 3583 ac
582 3517 694 3587 SSmi.
709 3515 838 3583 domini
855 3516 976 3596 nostri,
993 3517 1104 3584 lacere
1121 3527 1157 3581 vt
1174 3516 1308 3582 illorum
1325 3516 1414 3584 exti-

177 3632 283 3698 matio
299 3644 334 3698 et
351 3635 530 3700 sarnacum
542 3655 676 3700 summa
688 3634 803 3720 potius
820 3633 921 3700 laude
937 3633 1097 3720 augenda
1109 3631 1165 3710 sit,
1181 3655 1281 3718 quam
1296 3633 1351 3718 cuj
1358 3655 1414 3699 us·

179 3745 233 3814 uis
250 3747 462 3836 malignitate
475 3761 509 3814 et
522 3739 733 3818 detractione
750 3749 949 3818 minuenda.
968 3748 1097 3815 ldcirco
1114 3750 1248 3834 prefato
1265 3748 1416 3816 Mathiae

178 3861 353 3931 silentium
368 3865 605 3950 imposuerunt
620 3875 655 3931 et
668 3863 849 3950 imponunt
861 3866 904 3931 de
921 3863 1082 3950 predictis
1098 3874 1132 3932 et
1145 3840 1325 3950 ¹quivusuis
1341 3865 1415 3930 aliis

177 3977 480 4058 diffamationibus,
495 3981 561 4046 sub
576 4003 665 4066 pena
681 3979 872 4047 amissionis
888 3980 942 4046 sui
955 3978 1057 4047 officii
1073 3991 1260 4065 postarum,
1279 4002 1415 4046 necnon

177 4094 432 4176 confiscationis
448 4095 600 4162 omnium
613 4097 780 4162 bonorum
794 4117 948 4178 suorum,
962 4094 1036 4181 ipso
1048 4095 1139 4162 facto
1156 4105 1190 4160 et
1206 4095 1279 4161 iure
1297 4093 1413 4161 incur-

177 4211 284 4277 renda
299 4211 511 4295 absque’alia
526 4211 677 4278 vlteriori
692 4210 934 4291 declaratione,
954 4221 1170 4280 reseruantes
1186 4210 1251 4276 sibi
1267 4209 1413 4295 predicti

175 4325 305 4391 domini
320 4325 451 4392 domini
469 4329 680 4412 gubernator
699 4338 734 4396 et
754 4326 902 4393 vicarius
918 4325 1185 4395 declarationem
1201 4327 1413 4393 condemna·

226 4620 239 4647 e
276 4593 376 4660 Sernit
392 4609 514 4658 tautum
528 4605 650 4660 verbum
664 4603 774 4658 domini
793 4603 920 4658 habetur
937 4603 971 4656 in
989 4603 1171 4658 «Bouana»
1211 4603 1257 4644 -s
1273 4601 1413 4656 viderunt

177 4692 320 4749 Bolland.
359 4723 387 4733 —
395 4709 409 4747 s
418 4687 555 4748 omnibus
565 4701 596 4747 et
607 4693 751 4748 Bollaml.
790 4723 815 4732 -
826 4695 839 4734 h
850 4699 881 4746 et
892 4689 1022 4747 existant
1034 4691 1177 4746 Bolland.
