3500 5367
494 354 544 408 Da
563 364 656 409 acris
675 352 706 409 S.
728 354 851 411 leuant
870 368 891 411 a
909 355 1133 410 Rrannnnnraa
1342 356 1393 427 351

194 514 339 589 apertos
354 514 389 573 et
404 505 517 575 lucem
537 528 698 593 magnam
719 506 976 589 circumfusam3
1000 518 1119 593 postea
1134 530 1218 586 uero
1240 508 1292 578 rei
1315 489 1432 577 sacrae

191 622 282 688 dans
299 641 449 707 operam,
468 642 547 689 curn
563 623 607 691 ad
622 621 680 691 illa
692 624 799 691 uerba
811 622 846 689 in
858 622 1012 710 generali
1024 623 1240 691 confessione
1253 625 1432 711 peruenis-

190 749 260 815 set,
282 748 337 805 «et
352 736 514 805 omnibus
533 738 696 821 sanctis»,
714 738 811 807 uisus
827 749 881 807 est
895 737 962 806 sibi
979 739 1096 806 uidere
1119 740 1309 809 confertam
1324 741 1432 828 stipa-

199 864 341 939 tamque
355 863 553 921 sanctorum
569 855 718 935 turbam,
735 853 826 923 inter
846 876 934 940 quos
955 856 1074 925 aderat
1090 866 1125 923 et
1146 855 1342 924 licentiatus
1360 856 1431 938 ille,

192 968 255 1053 qui
281 968 418 1037 Patauii
433 972 477 1038 de
493 969 566 1037 uita
585 981 791 1053 excesserat,
810 970 1041 1057 splendidiore
1055 971 1177 1038 habitu
1193 982 1228 1041 et
1250 971 1433 1041 illustriore

193 1084 310 1169 gloria
325 1106 427 1169 quam
444 1083 513 1166 alii,
534 1085 669 1153 tametsi
686 1084 721 1153 in
737 1086 841 1154 corde
858 1085 977 1155 Patris
987 1087 1095 1153 fixum
1111 1088 1247 1155 sederet
1266 1108 1337 1155 non
1356 1110 1433 1157 esse
1448 1162 1451 1168 ,

193 1212 380 1287 propterea
395 1199 491 1267 illum
508 1201 565 1269 uel
583 1203 687 1270 Petro
703 1202 759 1269 uel
777 1188 885 1269 Parilo
907 1202 962 1269 uel
984 1201 1060 1269 aliis
1080 1201 1210 1269 sanctis
1229 1202 1430 1285 beatiorem,

193 1316 258 1383 sed
286 1315 380 1400 quod
406 1318 501 1385 Deus
526 1316 710 1403 praecipua
736 1315 793 1383 illa
819 1328 854 1385 et
882 1318 1131 1404 praestantiore
1158 1318 1268 1385 forma
1294 1319 1433 1387 uolebat

192 1430 292 1497 Patri
321 1431 510 1501 claritatem
529 1443 565 1499 et
591 1431 839 1501 beatitudinem
864 1432 957 1499 illius
983 1434 1176 1502 ostendere.
1212 1428 1271 1499 Ex·
1294 1436 1433 1520 Laynez

199 1548 394 1630 ι5()ο.-1.1

268 1665 323 1747 36.
372 1664 409 1729 ln
426 1662 608 1749 Hispania,
627 1675 811 1749 antequam
828 1664 1001 1732 Lutetiam
1019 1664 1228 1733 Parisiorum
1245 1687 1283 1734 se
1298 1667 1434 1733 confer-

196 1792 263 1859 ret,
295 1778 445 1845 animum
474 1786 518 1847 ad
545 1778 659 1847 studia
686 1779 876 1847 litterarum
905 1779 1049 1866 appulit,
1078 1791 1114 1847 et
1137 1791 1176 1846 ut
1195 1782 1288 1849 bona
1308 1781 1434 1849 iaceret

194 1894 445 1981 grammatices
461 1895 697 1974 fundamenta,
715 1894 945 1982 ludimagistri
961 1894 1140 1962 cuiusdam
1162 1897 1184 1929 ¹¹
1198 1897 1351 1963 scholam
1365 1897 1433 1963 fre-

193 2010 400 2093 quentabat:
420 2011 481 2078 sed
497 2031 576 2077 cum
593 2021 685 2079 esset
700 2021 813 2079 aetate
830 2010 896 2078 iam
909 2011 1117 2097 prouectior,
1131 2023 1178 2092 et,
1194 2012 1286 2096 quod
1298 2011 1434 2077 maioris

194 2134 274 2191 erat
291 2124 467 2206 momenti,
486 2124 522 2191 in
538 2124 772 2212 spiritualibus
792 2126 989 2211 diuinisque
1009 2126 1113 2195 rebus
1133 2126 1286 2213 apprime
1302 2126 1432 2195 exerci-

197 2253 307 2321 tatuS,
326 2252 360 2312 et
377 2240 498 2327 puerili
514 2240 570 2307 illa
587 2240 895 2326 molestissimaque
910 2241 1182 2309 rudimentorum
1195 2241 1431 2321 deuoratione,

195 2367 234 2422 et
250 2355 348 2441 quasi
369 2378 540 2443 nugarum
563 2356 785 2441 inaniumque
809 2378 922 2425 rerum
947 2358 1173 2426 concoctione
1196 2356 1336 2426 minime
1358 2357 1433 2426 eius

196 2472 337 2539 animus
353 2471 625 2557 conquiesceret,
644 2474 706 2541 sed
722 2473 778 2541 uel
796 2472 964 2541 tenuitate
981 2494 1094 2540 rerum
1110 2484 1146 2540 et
1161 2472 1350 2543 subtilitate
1371 2495 1426 2543 ex·

195 2586 427 2669 cruciaretur,
447 2591 502 2657 uel
518 2598 612 2656 certe
628 2590 671 2655 ab
692 2586 825 2657 inte'nta
847 2588 1049 2655 coelestium
1065 2588 1366 2674 contemplatione,
1392 2591 1436 2657 ad

197 2726 304 2788 quam
323 2714 393 2769 toto
406 2714 543 2789 pectore
559 2703 742 2790 aspirabat,
758 2702 953 2789 importune
969 2705 1212 2783 abduceretur,
1229 2710 1266 2770 ut
1278 2705 1433 2772 dolosum

100 2848 103 2857 ’
196 2818 389 2899 daemonis,
405 2842 442 2887 se
454 2822 520 2887 hoc
533 2821 678 2887 obtentu
691 2842 711 2887 a
727 2820 850 2887 studiis
866 2820 1056 2897 auocantis,
1071 2819 1252 2885 consilium
1265 2820 1432 2896 eluderet,

197 2946 235 3001 et
254 2934 376 3020 impios
391 2946 537 3003 conatus
552 2935 727 3022 frangeret
750 2934 884 3019 sibique
905 2934 975 3000 uim
997 2936 1136 3013 faceret,
1160 2934 1433 3021 ludimagistrum

200 3050 245 3120 ad
264 3050 428 3136 templum
446 3061 484 3115 ut
505 3048 622 3116 ueniat
642 3062 754 3137 rogat3
780 3049 932 3119 uenienti
953 3072 991 3119 se
1012 3051 1055 3116 ad
1074 3050 1181 3135 pedes
1201 3048 1330 3128 abiicit,
1353 3050 1417 3117 dac

200 3166 314 3232 monis
330 3165 553 3235 tentationem
572 3175 698 3245 narrat,
717 3188 754 3233 se
770 3166 813 3231 ad
831 3176 900 3232 tres
917 3166 973 3232 uel
988 3176 1136 3250 quatuor
1152 3187 1261 3231 annos
1281 3165 1436 3251 proxime

199 3282 455 3365 subsequentes
476 3302 652 3366 nunquam
680 3282 880 3347 abfuturum
908 3281 1115 3347 lectionibus
1144 3280 1253 3367 (panis
1277 3281 1379 3347 modo
1402 3296 1436 3349 et

200 3418 293 3481 aqua
315 3395 346 3465 ei
366 3397 575 3482 suppeteret)
600 3407 679 3462 uoto
702 3416 741 3462 se
760 3396 957 3481 obstringit,
979 3407 1014 3461 et
1041 3395 1143 3461 simul
1171 3419 1191 3463 a
1214 3408 1437 3482 praeceptore

200 3512 307 3579 etiam
325 3524 427 3597 atque
443 3511 546 3579 etiam
564 3511 649 3597 petit
666 3523 703 3577 ut
719 3534 758 3580 se
774 3534 835 3597 pro
852 3533 958 3597 puero
973 3512 1110 3591 habeat,
1129 3511 1331 3579 uerberibus
1343 3512 1435 3579 exci-

201 3627 287 3713 piat,
306 3627 415 3694 sicubi
433 3627 547 3693 minus
562 3626 761 3713 diligentem
780 3628 834 3695 uel
852 3638 993 3693 cautum
1010 3627 1045 3691 in
1062 3626 1185 3693 studiis
1200 3628 1437 3712 deprehende-

202 3743 261 3811 rit.
277 3746 391 3829 Atque
406 3745 473 3809 hac
485 3742 560 3811 eius
573 3742 675 3811 animi
689 3742 912 3811 contentione
925 3742 1053 3809 diaboli
1065 3745 1159 3809 fraus
1176 3744 1311 3828 repulsa
1323 3756 1388 3821 est,
1403 3758 1437 3809 et

202 3880 272 3945 pax
290 3857 383 3925 Patri
400 3858 567 3925 diuinitus
584 3858 726 3925 reddita.
742 3860 849 3943 Quod
862 3857 978 3925 itidem
992 3858 1150 3927 Lutetiae
1163 3858 1256 3937 lecit,
1271 3879 1350 3924 cum
1364 3859 1438 3925 ani-

201 3996 297 4041 mum
315 3976 358 4041 ab
375 3974 497 4041 studiis
513 3973 710 4043 alieniorem
727 3974 882 4056 sentiret,
900 3986 936 4040 et
956 3974 1067 4060 magis
1087 3975 1244 4040 oratione
1264 3995 1366 4058 quarn
1388 3976 1434 4041 16-4

200 4090 319 4158 ctione
334 4090 508 4172 delectari;
532 4091 592 4159 sed
614 4089 758 4175 repetita
778 4089 918 4181 deuotio
939 4102 973 4156 et
994 4101 1160 4175 concepta
1181 4088 1302 4175 religio
1324 4092 1440 4176 perse-

202 4216 295 4271 ctam
323 4204 471 4273 obtinuit
497 4208 541 4272 de
561 4209 660 4273 hoste
681 4205 872 4285 uictoriam,
896 4218 943 4285 et,
967 4207 1070 4271 rebus
1087 4203 1296 4290 compositis,
1316 4204 1438 4271 trium-

201 4324 313 4408 phum
330 4322 529 4408 reportauit.
548 4322 608 4389 Ille
623 4321 696 4407 ipse
717 4321 812 4401 mihi,
836 4322 879 4387 ad
900 4321 1013 4387 studia
1035 4324 1134 4407 (quae
1156 4340 1225 4405 ego
1245 4324 1439 4387 stomacha-

203 4440 277 4523 bar}
295 4460 358 4505 suo
375 4440 532 4525 exemplo
548 4438 706 4505 incitans.
727 4455 781 4521 53.

204 4544 405 4555 n———u—

262 4582 283 4617 ¹²
320 4584 389 4637 Erat
403 4582 449 4637 hic
463 4580 661 4652 Hieronymus
676 4580 852 4635 Ardebalus.
