3500 5367
365 456 433 527 5³88v
608 486 611 493 ·
743 455 956 511 ‘Monunnnm
975 455 1154 510 lonnrrnun
1181 493 1185 499 -

401 761 671 835 PROCESSUS
696 637 1011 829 AZPEITIARiJS
1035 760 1231 829 CONTRA
1256 761 1482 829 IGNATIUM

833 896 932 944 nuno
953 879 1066 959 1515

759 1024 983 1072 monumentum
1001 1016 1137 1089 quintum

326 1132 519 1221 Argumenta
541 1162 577 1199 ex
597 1142 714 1199 duobus
727 1143 817 1197 bullis
839 1142 1012 1199 Alexandri
1040 1142 1091 1211 VI,
1103 1160 1140 1197 ex
1161 1143 1368 1219 emissiosticis
1389 1143 1541 1215 Hispaniae

370 1236 591 1301 monumentis,
607 1233 738 1306 aliisque
754 1232 827 1288 iocis
836 1233 947 1305 petita,
959 1232 1065 1304 quiores
1080 1233 1233 1288 evincitur
1246 1232 1381 1287 Eneoum
1397 1235 1432 1289 de
1451 1232 1542 1303 mysia

374 1324 512 1397 gaudere
522 1341 581 1378 non
593 1328 678 1395 posse
687 1322 855 1395 privilagio
862 1321 944 1394 sori,
953 1323 1005 1377 sat
1017 1320 1200 1394 adjudicam
1210 1322 1398 1377 saeculorem
1407 1322 1543 1393 Aspeitioe

380 1413 587 1468 ἀεάιισεπάιιηι
601 1430 672 1469 asse

368 1600 373 1605 .
393 1574 676 1587 -----
692 1537 727 1605 ni
743 1575 788 1587 -
802 1576 846 1586 -
861 1553 907 1612 ,³—
922 1576 966 1587 —
980 1576 1026 1586 —
1041 1574 1086 1586 -
1100 1548 1115 1577 ⁸
1134 1559 1210 1605 vtro
1231 1535 1406 1623 relligioso
1420 1534 1542 1603 domino

318 1605 450 1744 Joseph
464 1654 507 1721 de
520 1665 638 1721 sancta
650 1651 782 1743 [Maria,
797 1653 844 1745 in]
855 1652 1003 1721 decretis
1016 1652 1238 1733 bachallario,
1247 1653 1415 1720 canonico
1427 1663 1459 1721 et
1468 1673 1539 1717 can-

327 1769 391 1837 tori
403 1768 438 1835 in
455 1768 601 1838 ecclesia
617 1768 805 1837 cathedrali
817 1768 939 1850 beatae
954 1768 1083 1837 Mariae
1094 1767 1353 1856 pampilonensi,
1368 1790 1409 1835 ac
1420 1765 1539 1834 officiali

201 1876 204 1881 ⁴
320 1882 488 1954 diocessis
504 1883 657 1953 eiusdem
673 1906 693 1951 a
709 1885 791 1953 sede
811 1884 1012 1972 apostollica
1026 1886 1116 1953 bene
1137 1884 1260 1951 merito
1276 1886 1450 1971 deputato,
1467 1904 1538 1967 con-

321 2010 392 2069 stet
403 2011 438 2068 et
454 2012 626 2087 appareat,
642 2000 733 2085 quod
746 2002 918 2085 queddam
933 2002 1054 2067 offerta
1069 1999 1232 2086 prouisio,
1250 2022 1272 2067 a
1287 1999 1386 2067 vobis
1400 2007 1539 2066 emanata

310 2128 360 2183 'et
370 2118 520 2197 decreta,
531 2137 634 2203 super
644 2116 867 2202 prebentione
879 2116 953 2183 siue
965 2115 1164 2202 cognitione
1175 2136 1381 2184 excessuum
1394 2126 1428 2183 et
1436 2110 1537 2179 crimi-

324 2251 407 2299 num
426 2253 486 2317 per
503 2233 655 2300 Enecum
676 2232 720 2299 de
741 2232 895 2317 Loyolla,
912 2230 1166 2320 habitatore[m]
1184 2230 1219 2297 in
1234 2231 1315 2298 villa
1330 2232 1376 2299 de
1391 2226 1538 2315 Azpeytia

322 2345 360 2415 in
386 2345 563 2433 prouincia
589 2346 807 2433 Guipuzcue,
830 2346 1092 2415 commissorum
1107 2357 1148 2414 et
1171 2356 1454 2433 perpetraturum,
1476 2342 1538 2411 siue

320 2462 495 2548 quoddam
512 2474 679 2530 assertum
696 2461 917 2529 monitorium
932 2461 1156 2543 inhibitionis,
1170 2484 1240 2528 non
1255 2463 1383 2531 debeat
1398 2461 1537 2545 alliquem

323 2558 437 2643 sortiri
450 2580 623 2659 effectum,
637 2577 698 2646 sed
710 2576 826 2664 potius
838 2576 963 2646 debeat
974 2576 1041 2643 dici
1054 2586 1090 2646 et
1102 2576 1236 2644 censeri
1248 2576 1394 2659 nullum,
1408 2594 1536 2652 cassum,

321 2692 469 2775 irritum,
488 2686 749 2761 subrrecticium
765 2703 801 2762 et
816 2692 1073 2761 obrrecticium.
1139 2740 1143 2747 ι

388 2807 568 2876 Discretus
584 2808 637 2874 vir
652 2807 803 2877 Michar'al
820 2809 864 2877 de
880 2809 1023 2887 Vernet‚
1042 2818 1244 2893 procurator
1263 2805 1470 2875 substitutus
1483 2808 1536 2871 ho

319 2923 495 2992 norabillis
512 2924 575 2991 viri
587 2923 757 3012 Johannis
774 2922 867 2991 Petri
881 2926 933 2990 de.
942 2922 1068 3003 Vbilla,
1083 2922 1190 2989 vicini
1205 2921 1306 2991 villae
1321 2923 1366 2990 de
1379 2925 1462 2992 Sant
1476 2924 1538 2989 An·

318 3041 413 3119 dres,
442 3040 478 3107 in
498 3041 655 3127 predicta
676 3039 852 3127 provincia
871 3038 1083 3127 principallis
1103 3038 1334 3126 procuratoris
1360 3039 1489 3127 egregii
1506 3057 1539 3104 ac

321 3154 510 3243 magniffici
523 3156 587 3222 viri
604 3154 733 3223 domini
745 3155 914 3245 Johannis
934 3154 1141 3223 Ferdinandi
1160 3156 1205 3222 de
1221 3156 1253 3222 la
1275 3157 1401 3239 Gama,
1426 3154 1538 3222 vtrius·

316 3294 388 3357 que
399 3272 488 3357 juris
503 3271 665 3351 doctoris,
688 3294 731 3339 ac
748 3272 951 3341 correctoris
972 3271 1078 3338 totius
1097 3270 1189 3339 dicte
1209 3272 1398 3357 provincie,
1419 3292 1469 3352 ac,
1485 3291 1539 3336 no·

321 3386 414 3455 mine
431 3386 665 3472 procuratorio
681 3386 696 3427 ¹³
711 3386 890 3455 substituti
905 3386 1060 3455 eiusdem
1075 3398 1111 3453 et
1127 3388 1170 3453 ad
1185 3386 1379 3474 predictum
1394 3389 1536 3455 effectum

318 3502 397 3569 siue
414 3502 529 3582 finem,
548 3503 674 3589 allegat
690 3522 811 3570 causas
833 3512 867 3571 et
894 3501 1044 3569 rationes
1064 3501 1298 3588 infrascriptos
1317 3513 1354 3572 et
1373 3509 1537 3587 sequente

319 3616 415 3695 omni
431 3617 574 3683 melliori
590 3619 704 3698 modu,
724 3618 845 3701 forma,
862 3617 930 3698 via,
943 3618 1035 3704 jure,
1054 3618 1157 3698 factu,
1175 3616 1303 3702 quibus
1314 3626 1427 3703 potest
1440 3627 1472 3684 et
1484 3616 1535 3682 de·

317 3734 388 3799 bet.
409 3733 452 3797 Et
468 3731 595 3818 pariter
611 3731 714 3800 etiam
731 3733 774 3799 ad
791 3732 953 3801 effectum
969 3742 1004 3801 et
1020 3732 1135 3813 finem,
1154 3732 1249 3819 quod
1264 3743 1380 3817 vestra
1393 3729 1532 3798 domina-

373 3918 387 3945 a
427 3900 558 3956 Lineolis
571 3904 581 3973 (
596 3931 629 3941 -
643 3932 679 3945 -
693 3933 725 3943 -
740 3932 774 3944 -
788 3901 797 3975 J
810 3902 985 3959 indicamus
1001 3902 1078 3968 noa,
1093 3902 1247 3973 inquibus
1258 3903 1367 3959 dorio
1379 3902 1479 3958 attritu
1489 3901 1531 3954 eri.

321 3992 372 4034 --b
393 3990 460 4062 pcir.
476 4008 532 4046 ms.

376 4142 383 4175 ¹
422 4142 467 4197 Ex
480 4141 659 4213 adversaris,
671 4143 703 4200 in
718 4142 792 4201 Cod.
809 4144 936 4217 Loyoloe
952 4144 979 4209 I,
993 4162 1024 4203 n.
1038 4158 1066 4216 2,
1083 4145 1213 4220 septimo
1225 4153 1424 4203 monumento.
1440 4142 1528 4199 cuno

317 4231 507 4303 insuperiori
520 4240 604 4305 parte
618 4232 705 4289 valde
719 4234 820 4290 attrita
833 4242 891 4306 est,
905 4236 948 4291 ita
960 4242 994 4291 ut
1009 4235 1097 4292 initio
1117 4236 1262 4309 cujusque
1275 4234 1401 4308 paginae
1416 4248 1482 4289 unus
1491 4228 1528 4283 vel

315 4320 379 4376 duo
391 4336 506 4393 versus,
520 4330 551 4377 et
568 4320 726 4395 aliquando
743 4322 806 4379 iere
824 4330 897 4393 tres,
915 4322 1133 4382 desiderentur.
1151 4324 1278 4380 Constat
1295 4323 1390 4380 tribus
1405 4320 1474 4379 foliis
1482 4333 1527 4373 noo

321 4408 483 4465 numeratis
496 4417 537 4479 et,
553 4418 585 4465 ut
598 4412 684 4467 nobis
697 4410 827 4481 videtur,
841 4430 998 4487 perperam
1010 4414 1130 4470 assutis:
1145 4412 1310 4469 secundum
1329 4428 1448 4486 namque
1462 4405 1525 4463 vide·

315 4507 367 4554 tur
379 4516 524 4572 occupare
537 4501 636 4557 locum
649 4500 747 4574 primi,
758 4509 789 4557 et
802 4502 930 4574 primum
942 4504 1039 4559 locum
1052 4502 1187 4561 secundi.
1197 4503 1234 4559 In
1246 4501 1473 4559 annotationibus
1483 4493 1525 4550 ini·

321 4586 393 4643 tium
404 4588 586 4661 singularum
597 4590 770 4663 paginarum
781 4590 998 4665 indicamus‚ut
1007 4609 1060 4665 per
1070 4592 1267 4666 nequisquam
1279 4593 1457 4649 mutationem
1464 4583 1523 4655 diiu-

314 4674 417 4732 dicare
431 4678 535 4749 possit.
