3500 5367
556 535 668 594 Causa
687 537 722 592 P.
742 536 872 593 Sruours
890 537 1057 594 Roouurcu
1332 542 1383 612 ⁶9¹

187 687 311 758 litteris
327 687 522 773 apostolicis
537 688 604 755 illis
624 688 783 774 illiusque
804 690 1038 777 superioribus
1057 691 1123 758 sub
1145 691 1326 782 quiqusuis
1343 717 1422 764 ver-

188 804 311 869 borum
325 804 455 884 formis,
468 805 630 872 clausulis
642 817 677 873 et
689 806 836 874 decretis
850 806 1035 888 concessis,
1051 809 1262 876 confirmatis
1273 822 1308 877 et
1319 809 1422 879 etiam

189 919 321 995 iteratis
337 919 472 987 vicibus
486 920 671 1002 innouatis,
685 921 790 988 etiam
803 921 1033 1010 marimagno,
1048 924 1141 992 bulla
1156 946 1260 992 aurea
1273 926 1327 996 vel
1341 927 1424 995 alias

190 1037 410 1123 nuncupatis:
428 1035 555 1122 quibus
570 1037 730 1104 omnibus
749 1038 884 1104 illorum
909 1049 1045 1107 tenores
1060 1049 1142 1122 ete,
1160 1041 1226 1108 illis
1241 1043 1325 1109 alias
1340 1053 1422 1124 etet,

189 1156 256 1218 hac
277 1152 352 1221 vice
372 1165 440 1220 etc.
469 1154 689 1239 derogamus,
719 1153 910 1239 ceterisque
938 1155 1118 1223 contrariis
1145 1155 1423 1242 quibuscunque.

192 1269 338 1336 Prouiso
350 1270 444 1352 quod
455 1269 544 1335 infra
555 1280 634 1336 octo
649 1291 797 1351 menses,
816 1247 929 1336 adata
941 1271 1170 1357 praesentium
1187 1248 1424 1359 computandi,

189 1385 235 1451 ad
251 1384 509 1453 heremitorium
532 1395 566 1451 te
587 1388 772 1454 transferas
793 1407 872 1451 cum
901 1387 1044 1468 effectu3
1064 1387 1221 1472 alioquin.
1236 1399 1302 1456 etc.
1328 1409 1428 1474 prae·

189 1511 308 1568 sentes
324 1500 458 1569 litterae
475 1499 536 1566 tibi
552 1501 752 1569 nullatenus
767 1501 1015 1588 suffragentur.

259 1618 342 1686 Dat.
360 1616 393 1700 iij
408 1615 486 1682 idus
498 1615 639 1702 Aprilis,
653 1617 782 1684 domini
799 1618 908 1684 nostri
921 1618 1002 1707 Julii
1020 1642 1127 1706 papae
1145 1640 1163 1704 3
1180 1643 1272 1688 anno
1290 1629 1424 1706 quarto¹

260 1735 292 1799 A
309 1737 422 1819 tergo.
441 1732 551 1818 Copia
565 1734 610 1800 de
625 1733 844 1820 exemptione
860 1735 895 1800 di
913 1737 959 1803 M.
979 1735 1131 1804 Simone.

796 1927 834 2003 71

332 2055 552 2124 LEGATUS
568 2057 704 2124 REGlS
721 2056 1090 2125 PORTUGALLIAE
1107 2058 1154 2124 ΙΝ
1172 2057 1297 2126 URBE
1404 2123 1405 2128 ,

635 2191 760 2238 sunno
778 2191 961 2239 eourrrrcr
984 2175 991 2205 ¹
1225 2194 1232 2207 ‘

199 2331 277 2385 Orat
294 2331 413 2403 legatus
430 2330 513 2402 regis
530 2331 746 2403 Portugulliae
765 2349 802 2386 ne
819 2333 974 2387 eximatur
992 2332 1171 2388 Rodericius
1183 2333 1221 2387 ab
1237 2333 1358 2406 Ignatii
1370 2331 1431 2386 obe·

249 2421 382 2484 dicatio,
404 2425 495 2491 atque
516 2425 551 2474 ut
572 2418 658 2474 illius
678 2437 771 2476 causa
793 2421 960 2492 Rodulplro,
979 2421 1137 2485 cardinali
1154 2422 1307 2494 carpensi,
1323 2425 1434 2475 secreto

252 2509 460 2564 commitatur.
1161 2515 1165 2524 '

809 2636 831 2722 †

383 2777 585 2847 Beatissimo
604 2781 726 2848 Padre.

267 2896 294 2960 ll
314 2917 352 2962 re
374 2894 443 2961 mio
462 2896 618 2980 signore,
642 2896 799 2963 uedendo
820 2895 900 2982 nelli
921 2892 996 2961 suoi
1018 2893 1116 2979 regni
1137 2893 1171 2959 di
1194 2893 1434 2978 Portogallo·e

199 3012 281 3078 dell'
299 3011 393 3079 lndie
409 3023 540 3094 quanto
556 3011 662 3076 frutto
677 3010 732 3077 del
747 3010 865 3076 diuino
883 3008 1024 3078 seruitio
1044 3019 1079 3076 et
1095 3008 1189 3075 aiuto
1205 3008 1294 3076 delle
1316 3006 1430 3074 anime

200 3127 231 3194 si
248 3128 281 3194 fa
295 3149 358 3213 per
373 3149 491 3193 mezzo
510 3128 599 3194 della
619 3127 833 3213 Compagnia
853 3125 887 3192 di
908 3125 1030 3206 Giesri,
1048 3127 1084 3190 n'
1109 3107 1154 3191 ha
1171 3125 1275 3190 molto
1299 3123 1433 3208 spetial'

201 3241 417 3310 affettionee
433 3259 516 3309 cura
531 3241 619 3310 delle
635 3264 715 3310 cose
730 3241 765 3308 di
782 3243 908 3326 quella;
923 3265 942 3310 e
958 3241 1030 3308 cosi
1045 3240 1241 3308 accadendo
1253 3241 1318 3306 che
1330 3241 1433 3306 Mtro.

197 3339 354 3439 Simone,
368 3359 542 3445 preposito
552 3358 761 3445 prouinciale
777 3357 811 3423 di
828 3359 923 3425 detta
938 3356 1152 3442 Compagnia
1169 3356 1203 3422 in
1222 3355 1431 3440 Portogallo‚

197 3496 260 3561 per
277 3496 344 3540 non
362 3473 391 3541 si
407 3488 523 3560 portar
538 3475 594 3543 nel
611 3495 766 3560 gouerno
782 3474 816 3540 di
833 3495 909 3544 essa
928 3494 1025 3540 come
1041 3471 1247 3552 conueniua‚
1267 3481 1302 3536 et
1318 3491 1433 3538 essere

199 3593 233 3657 la
250 3612 313 3657 sua
329 3611 492 3677 presenza
508 3590 542 3656 in
559 3591 639 3675 quel
656 3608 765 3676 regno
787 3611 872 3675 poco
896 3613 916 3656 a
941 3587 1114 3675 proposito
1128 3609 1190 3673 per
1212 3587 1246 3652 la
1265 3585 1381 3672 quiete
1401 3585 1443 3658 di,

198 3727 278 3774 essa
293 3705 519 3793 Compagnia,
542 3706 633 3774 fosse
657 3706 804 3773 rimosso
820 3706 855 3770 di
877 3705 910 3770 lai
931 3725 992 3790 per
1012 3703 1035 3768 il
1060 3723 1123 3768 suo
1139 3703 1313 3789 preposito
1328 3723 1436 3788 gene-

197 3823 284 3902 rale,
303 3824 405 3889 Mtro.
424 3822 570 3908 lgnatio,
589 3821 793 3888 echiamato
816 3843 837 3885 a
861 3821 981 3900 Roma;
1000 3841 1020 3885 a
1044 3820 1081 3887 S.
1108 3819 1153 3886 A.
1178 3819 1196 3886 ὸ
1222 3829 1313 3884 stato
1329 3817 1436 3888 molto

200 3951 314 4026 grato,
332 3961 353 4006 e
369 3937 414 4004 m’
435 3940 479 4004 ha
494 3948 732 4005 strettamente
748 3936 953 4003 comandato
969 3934 1091 4003 lacessi
1107 3933 1191 4020 ogni
1211 3931 1324 3999 officio
1339 3932 1436 3998 aecio

199 4078 271 4121 non
287 4055 473 4123 ritornasse
489 4053 523 4120 di
541 4054 586 4134 lai,
604 4075 624 4120 e
645 4056 710 4120 che
725 4052 774 4119 lui
797 4065 833 4120 et
853 4049 966 4119 alcuni
991 4050 1066 4118 suoi
1090 4049 1230 4137 seguaci
1255 4071 1324 4115 non
1346 4059 1437 4116 otte-

198 4193 342 4241 nessero
361 4193 427 4238 con
450 4172 538 4239 male
558 4169 790 4236 informationi
812 4169 957 4252 qualche
978 4165 1156 4235 esentione
1172 4187 1231 4252 per
1251 4175 1350 4250 poter
1365 4175 1437 4229 tor·

197 4309 283 4354 nare
299 4311 318 4356 e
333 4287 535 4374 perturbare
550 4287 644 4354 detta
659 4283 872 4372 Compagnia
889 4282 924 4349 in
940 4283 1020 4367 quel
1040 4302 1160 4368 regnu.
1183 4281 1279 4346 Hora
1296 4280 1439 4347 intendo

196 4406 265 4469 che
280 4401 598 4488 questorreligiosm
623 4403 724 4467 Mtro.
748 4399 901 4480 Simone,
919 4400 964 4464 ha
984 4406 1168 4483 procurato
1184 4398 1248 4462 che
1270 4395 1438 4478 fosseper

198 4520 246 4587 V.
265 4518 302 4586 S.
320 4539 512 4585 commesso
527 4517 560 4584 al
581 4527 771 4602 protettore
792 4514 881 4581 della
905 4511 1132 4599 Compagnia,
1155 4513 1221 4579 elie
1241 4511 1259 4578 ὲ
1281 4509 1303 4575 il
1325 4509 1438 4604 cardi-

257 4777 265 4808 ¹
302 4773 347 4828 Ex
359 4772 537 4844 apographo,
553 4769 583 4824 in
597 4768 738 4824 fasciculo
753 4734 853 4822 Causa
867 4766 904 4820 P.
920 4764 1054 4820 Simonis
1068 4763 1249 4834 Rodrigues,
1269 4773 1279 4814 1
1296 4758 1347 4815 fol.
1362 4791 1381 4814 ·.
