3500 5367
395 479 449 551 560
776 483 987 539 Mouuuaura
1004 484 1185 541 Icsarraua

309 681 311 685 ψ
426 636 576 720 Quando
593 635 713 702 usciua
730 636 826 713 fuori
846 646 1003 723 portam,
1020 636 1056 703 in
1072 638 1179 723 luogo
1198 636 1233 705 di
1255 639 1429 717 mantello,
1446 638 1476 705 la
1488 650 1564 707 ueste

357 750 392 817 di
408 750 544 832 scolari,
564 752 650 817 satta
666 750 701 816 in
718 762 841 836 questo
862 753 976 833 modo,
995 772 1093 821 come
1107 753 1140 821 la
1160 765 1304 839 portano
1320 755 1440 821 adesso
1456 754 1466 820 ἰ
1480 754 1562 821 nostri

357 867 479 933 scolari
495 866 530 932 in
547 866 655 946 ltalia,
675 866 778 951 quelli
794 868 859 935 che
875 889 947 934 non
959 874 1050 934 'sono
1066 888 1192 934 ancora
1206 868 1388 935 sacerdoti.

423 984 461 1048 In
473 1002 553 1049 casa
569 1004 628 1068 per
647 982 670 1047 il
686 982 806 1049 sreddo
821 993 965 1069 portaua
980 1004 1081 1068 sopra
1097 984 1131 1049 la
1146 994 1291 1050 sotanna
1306 983 1330 1050 il
1346 984 1509 1050 mantello.

423 1100 462 1165 ln
477 1100 585 1184 luogo
601 1097 635 1165 di
653 1097 796 1167 bastone
812 1098 840 1164 si
857 1096 995 1166 seruiua
1011 1096 1116 1165 d'una
1131 1119 1253 1166 canna.

422 1216 501 1282 Non
518 1225 662 1301 portaua
678 1215 710 1281 la
726 1235 853 1280 corona
868 1214 935 1280 alla
951 1213 1055 1294 cinta,
1069 1236 1126 1295 ma
1141 1214 1173 1281 la
1190 1224 1315 1283 teneua
1330 1213 1366 1280 in
1381 1236 1516 1281 camera.
1528 1216 1563 1280 Et

355 1330 494 1415 quando
509 1340 607 1397 staua
628 1328 664 1395 in
685 1330 781 1409 letto,
801 1340 927 1396 teneua
941 1350 1022 1397 seco
1042 1350 1168 1397 ancora
1184 1328 1219 1395 in
1236 1329 1320 1397 letto
1340 1330 1375 1396 la
1394 1352 1521 1411 corona,
1534 1342 1562 1396 et

355 1444 509 1513 dormiua
527 1466 593 1512 con
611 1467 699 1514 essa.
718 1458 732 1486 ²
830 1428 832 1433 ⁸

421 1563 458 1629 ln
483 1582 562 1628 casa
586 1564 759 1648 adopraua
785 1583 831 1627 un
855 1583 940 1648 paro
962 1560 998 1626 di
1022 1560 1168 1647 pianelle
1189 1559 1224 1647 (11
1251 1564 1316 1627 che
1339 1584 1409 1628 non
1430 1563 1564 1627 haueano

353 1676 442 1758 altri,
462 1678 605 1744 masolo
621 1677 682 1760 lui,
701 1698 799 1746 come
815 1676 960 1744 uecchio
976 1687 1012 1743 et
1026 1676 1087 1763 piu
1103 1677 1264 1745 amalatto
1279 1677 1360 1745 delli
1376 1677 1472 1763 altri).
1488 1678 1512 1743 F
1514 1696 1563 1741 uor

354 1795 443 1861 della
459 1814 537 1861 casa
554 1815 623 1860 non
636 1804 779 1879 portaua
796 1794 828 1860 le
844 1791 1004 1880 pianelle,
1019 1815 1074 1859 ma
1089 1793 1122 1859 le
1137 1812 1271 1879 scarpe.

421 1912 470 1977 La
486 1931 613 1976 corona
636 1930 698 1975 sua
715 1930 773 1975 era
792 1911 836 1975 ne
861 1918 985 1995 troppo
1006 1907 1149 1995 piccola,
1168 1908 1211 1977 ne
1228 1919 1349 1995 troppo
1369 1910 1504 1995 grande,
1518 1929 1562 1972 rua

330 2024 536 2105 mediocre,
566 2046 669 2091 senza
692 2026 816 2091 alcuna
840 2024 1023 2111 medaglia,
1041 2022 1076 2090 d'
1096 2045 1165 2090 una
1188 2024 1278 2104 filza,
1307 2045 1407 2091 come
1427 2023 1562 2110 soglr'ono

353 2162 466 2209 essere
483 2126 607 2228 [quelle
623 2140 689 2226 dei]
708 2139 871 2207 caualieri
886 2138 913 2206 b.

420 2257 570 2341 Quando
589 2256 768 2323 caminaua
788 2276 850 2340 per
870 2257 978 2323 Roma
1004 2277 1076 2322 non
1095 2257 1235 2323 uoltaua
1262 2255 1311 2342 gli
1335 2254 1432 2322 oochi
1451 2254 1491 2320 nc
1508 2253 1561 2318 alla

352 2373 479 2452 destra,
495 2373 538 2438 ne
554 2372 619 2438 alla
631 2370 767 2437 sinistra
784 2381 893 2457 parte,
908 2392 946 2440 se
962 2393 1032 2437 non
1049 2371 1140 2437 fosse
1152 2371 1300 2455 qualche
1315 2369 1460 2457 bisogno
1474 2368 1505 2434 di
1514 2389 1557 2435 sa·

351 2489 460 2553 lutare
476 2488 623 2572 qualche
638 2508 783 2573 persona
798 2488 832 2553 d'
851 2486 1063 2573 importanza
1079 2508 1100 2552 o
1116 2485 1342 2572 cognosciuta
1356 2487 1401 2553 da
1415 2484 1472 2552 lui.

419 2604 461 2672 P.
479 2602 656 2691 1g[nazi0],
671 2602 780 2689 prima
792 2604 859 2671 che
874 2602 1012 2671 uenisse
1024 2602 1068 2669 ad
1079 2602 1234 2669 habitare
1245 2603 1335 2670 nelle
1346 2612 1473 2680 stanze,
1486 2601 1561 2665 doue

351 2729 402 2785 sta
421 2719 542 2786 adesso
558 2730 676 2785 nostro
691 2719 801 2785 Padre
814 2720 988 2805 generale,
1002 2728 1101 2785 staua
1113 2739 1214 2804 sopra
1229 2719 1261 2783 la
1274 2716 1422 2804 portaria
1436 2714 1468 2782 d’
1478 2716 1560 2781 ades·

348 2856 400 2916 so,
418 2835 509 2903 doue
525 2836 638 2901 hauea
656 2855 724 2899 una
740 2854 875 2901 camera
892 2844 927 2899 et
940 2835 1061 2900 saletta
1077 2854 1138 2919 per
1149 2856 1213 2900 sua
1228 2844 1360 2915 stauza,
1375 2833 1451 2901 ella
1467 2833 1561 2896 hauea

348 2952 434 3017 fatto
450 2971 520 3018 una
537 2950 732 3017 fenestrella
749 2949 880 3037 piccola
894 2971 960 3015 con
976 2948 988 3015 i
1007 2949 1084 3016 suoi
1095 2948 1251 3031 cancelli,
1270 2970 1333 3035 per
1349 2949 1361 3014 i
1376 2947 1464 3034 quali
1478 2958 1560 3033 pote-

347 3087 392 3132 ua
408 3068 533 3133 uedere
550 3066 571 3130 l'
589 3067 675 3132 altar
692 3065 884 3152 maggiore,
902 3075 937 3131 et
954 3064 1001 3131 iui
1019 3066 1139 3131 faceua
1154 3066 1187 3131 la
1202 3086 1267 3131 sua
1287 3064 1451 3146 oratione,
1469 3083 1558 3149 guar-

346 3182 460 3247 dando
477 3182 537 3267 per
554 3181 667 3265 quella
685 3181 880 3248 fenestrelle
895 3178 931 3246 in
949 3181 1076 3259 chiesa,
1095 3201 1198 3246 senza
1216 3181 1298 3266 pero
1319 3202 1414 3249 esser
1430 3178 1511 3245 uisto
1523 3178 1560 3241 da

346 3296 450 3381 quelli
468 3299 533 3365 che
549 3308 693 3371 stauano
710 3318 730 3362 a
746 3298 847 3363 basso
864 3296 899 3360 in
911 3295 1039 3362 chiesa.

413 3413 540 3480 Soleua
557 3414 682 3479 andare
700 3410 786 3478 tardi
808 3412 839 3477 al
860 3412 957 3491 letto,
976 3432 1073 3478 corne
1090 3412 1112 3476 l'
1131 3409 1277 3479 inuerno
1295 3434 1314 3478 a
1332 3430 1352 3495 7
1370 3434 1391 3477 o
1408 3412 1517 3477 8hore
1531 3406 1559 3471 di

345 3539 455 3608 notte,
475 3527 565 3596 uelle
581 3528 672 3613 quali
693 3513 924 3614 spaseggiaua
944 3548 1005 3613 per
1021 3526 1054 3594 la
1069 3548 1131 3593 sua
1151 3548 1287 3594 camera
1303 3539 1396 3622 tutto
1412 3544 1556 3613 pensoso,

344 3656 378 3713 et
395 3644 422 3710 si
440 3644 564 3710 leuaua
580 3665 600 3708 a
617 3644 709 3708 buon
726 3644 822 3708 hora.

410 3760 476 3825 Nel
487 3756 661 3844 spogliare
676 3759 697 3822 l'
711 3758 876 3843 agiutaua
888 3758 1034 3843 qualche
1051 3758 1194 3838 fratello,
1209 3778 1308 3825 come
1323 3758 1364 3824 P.
1379 3757 1453 3825 Gio.
1467 3757 1558 3841 lgna-

343 3876 390 3941 tio
413 3885 547 3943 mentre
574 3896 633 3940 era
656 3875 818 3961 giouane;
845 3886 880 3940 et
908 3895 976 3939 una
1003 3875 1110 3954 uolla,
1129 3874 1287 3941 tirandoli
1314 3876 1347 3942 le
1362 3875 1509 3948 ealcctte,
1529 3870 1557 3934 lo

342 3991 503 4058 dimando
533 3992 572 4057 P.
598 3988 743 4076 Ignatio,
767 4012 805 4059 se
832 4011 983 4075 pensaua
1011 3991 1075 4057 che
1098 3990 1123 4055 il
1150 4010 1213 4055 suo
1241 4000 1424 4075 apostema,
1453 3990 1513 4053 che
1536 3983 1556 4048 il

343 4112 383 4175 P.
403 4106 536 4193 Ignatio
552 4108 663 4174 hauea
679 4105 714 4171 in
732 4128 779 4171 un
801 4104 913 4195 piede,
932 4106 1025 4173 fosse
1046 4126 1203 4187 cancar03
1222 4117 1256 4174 et
1273 4104 1504 4192 respondendo
1516 4098 1555 4164 lui

340 4226 405 4289 che
422 4244 491 4288 nou
508 4243 661 4307 pensaua
679 4222 724 4287 tal
739 4242 834 4303 cosa,
852 4241 922 4287 non
938 4220 1030 4288 disse
1046 4222 1131 4288 altro
1148 4220 1172 4286 il
1190 4221 1313 4290 Padre.

343 4361 542 4375 ,-,-..-

392 4453 406 4479 ³
424 4436 508 4491 Huic
516 4436 642 4507 periodo
656 4435 738 4490 linea
749 4435 898 4489 subducta·
907 4439 960 4499 est,
974 4439 1001 4489 et
1014 4434 1048 4487 in
1062 4434 1206 4507 nrargine
1219 4434 1346 4507 legitur:
1359 4436 1408 4489 Br.
1445 4433 1495 4474 -b
1512 4430 1554 4484 Se·

336 4526 443 4599 quitur
452 4526 588 4597 pictura,
605 4524 740 4596 sequenti
757 4524 931 4587 simillima,
951 4528 1016 4578 tum
1031 4525 1130 4595 quoad
1146 4522 1233 4578 illius
1248 4522 1480 4597 longitudinem,
1497 4524 1553 4572 lum

337 4616 438 4687 quoad
447 4632 610 4670 numerum
620 4618 817 4686 punctorum,
827 4630 905 4684 quae
916 4612 1032 4676 rosarii
1041 4629 1147 4685 grana
1158 4612 1347 4685 significant:

336 4701 785 4757 ffi-.....adnuunt-...muqk.
