3500 5367
351 456 532 511 Responsio
551 454 584 509 P.
605 452 755 511 nmina
774 469 818 511 ao
837 456 871 513 Ρ.
892 456 1037 514 Lnncrcn
1055 470 1243 514 postutare
1288 485 1290 488 ·
1325 471 1381 529 519

681 694 771 740 PARS
788 694 923 741 TERTIA

246 860 302 923 24.
352 843 505 910 Nouerat
522 842 571 909 vti
588 863 667 909 cum
686 842 829 909 subditis
850 864 977 929 magna
998 841 1244 921 moderatione,
1266 864 1308 909 ac
1327 842 1414 909 mira

173 957 361 1042 prudentia
376 958 523 1024 addebat
543 958 610 1024 illis
626 958 777 1025 animum
794 957 851 1023 vbi
872 960 1064 1044 oportebat.
1083 958 1232 1043 Quando
1248 980 1305 1026 me
1321 958 1413 1025 misit

172 1074 366 1141 Lauretum
381 1084 419 1138 vt
434 1074 620 1159 collegium
637 1075 798 1142 ducerem
815 1084 849 1143 et
867 1096 1074 1160 praeessem,
1091 1074 1190 1140 daret
1204 1085 1321 1143 autem
1338 1073 1412 1161 ipse

173 1188 259 1255 milri
290 1200 422 1257 tantum
449 1190 704 1270 instructiones,
734 1190 859 1275 quibus
886 1211 1134 1277 cognoscerem
1162 1192 1334 1274 quomodo
1355 1212 1411 1259 me

170 1326 299 1390 gerere
310 1306 471 1375 deberem
488 1328 567 1373 cum
584 1304 723 1372 domino
739 1308 971 1391 gubernatore
987 1305 1054 1371 loci
1074 1306 1111 1385 '⁸,
1126 1304 1301 1374 canonicis
1317 1306 1407 1371 aliis-

170 1420 234 1505 qui
250 1420 414 1501 externis
429 1422 512 1508 petii
528 1444 614 1507 quas
629 1422 768 1509 regulas
784 1443 969 1502 seruarem;
994 1444 1074 1487 nam
1095 1420 1173 1507 (aio)
1194 1420 1332 1507 collegii
1353 1444 1409 1487 ro-

170 1536 267 1603 mani
284 1538 427 1623 regulae·
441 1538 589 1624 collegio
605 1538 653 1604 illi
668 1560 738 1604 non
754 1520 974 1617 conuenient,
989 1535 1054 1621 nisi
1066 1558 1269 1623 perpaucae,
1285 1538 1331 1602 ob
1343 1536 1410 1604 loci

169 1651 285 1719 sancti
298 1664 333 1721 et
344 1674 534 1721 concursus
549 1653 810 1739 peregrinorum
824 1652 1109 1720 circumstantias.
1129 1650 1303 1734 Similiter,
1322 1674 1412 1737 quae

169 1778 256 1834 sunt
272 1768 396 1835 domus
412 1770 598 1854 professae,
616 1768 674 1835 vix
691 1770 792 1837 etiarn
817 1769 947 1836 seruari
970 1778 1146 1854 poterunt.
1170 1768 1226 1835 Ad
1250 1770 1336 1837 haec
1353 1791 1410 1838 re-

168 1884 325 1970 spondit:
345 1882 490 1966 Oliueri,
510 1885 615 1951 facias
630 1885 719 1953 sicut
740 1898 778 1952 tu
798 1884 915 1951 vidisti
931 1896 966 1953 et
983 1883 992 1933 ί
1008 1895 1045 1949 vt
1070 1884 1185 1949 vnztio
1206 1883 1344 1952 docebit
1361 1895 1407 1966 te;

167 2000 396 2065 accommoda
410 2000 547 2085 regulas
559 2000 637 2066 loco
649 2012 687 2067 vt
698 2000 836 2086 poteris.
853 1999 940 2066 Petii
953 2001 996 2065 de
1008 1998 1173 2085 personis,
1185 2020 1271 2084 quas
1283 1997 1407 2065 adiun-

167 2116 292 2201 gebat,
310 2112 445 2199 quasin
462 2102 557 2199 ¹quae
577 2115 689 2182 officia
716 2094 968 2185 distribuerem.
999 2118 1125 2181 lterum
1154 2113 1275 2200 paucis
1294 2115 1409 2181 verbis

167 2231 362 2316 respondit:
381 2252 476 2317 para,
495 2230 640 2313 Oliueri,
658 2243 772 2298 vestes
792 2233 982 2298 secundum
999 2252 1151 2317 pannum
1167 2251 1269 2314 quern
1286 2232 1406 2312 habes;

166 2347 247 2423 sed,
266 2347 439 2431 quomodo
455 2346 568 2433 egeris
584 2358 619 2413 et
634 2346 862 2429 distribueris,
881 2347 980 2413 doce.

240 2478 295 2545 25.
344 2462 481 2533 Accidit
507 2462 521 2501 ¹¹
549 2474 663 2531 autern
691 2464 809 2542 semel,
839 2465 876 2528 v't
904 2462 1032 2547 aliquid
1058 2474 1177 2528 contra
1207 2463 1406 2529 mandatum

166 2576 292 2663 ipsius,
311 2576 433 2643 litteris
449 2589 640 2665 acceptum,
659 2581 821 2647 facerem.
840 2576 1043 2666 Significaui
1059 2598 1162 2663 porro
1174 2599 1230 2645 me
1245 2576 1293 2643 ita
1306 2578 1407 2643 fecis-

167 2715 220 2773 se,
237 2694 331 2779 quod
345 2692 441 2759 illum
459 2693 712 2779 proposuissem
725 2693 807 2759 mihi
820 2703 1035 2779 praesentem
1051 2694 1097 2759 ob
1113 2692 1243 2773 oculos,
1262 2704 1298 2759 et
1314 2692 1409 2759 visus

166 2808 253 2875 milri
271 2808 413 2875 fuissem
430 2809 550 2877 audire
565 2807 678 2896 ipsum
695 2810 880 2878 dicentem:
900 2810 953 2876 sac
970 2808 1060 2875 sicut
1082 2820 1119 2875 tu
1147 2819 1262 2876 mente
1283 2828 1408 2874 conce-

167 2920 263 3009 pis'ti;
279 2944 358 2989 nam
374 2934 409 2991 et
426 2924 454 2990 si
470 2945 538 3010 ego
554 2922 561 2963 ¹
576 2946 690 2990 coram
705 2946 829 3005 essem,
843 2934 882 2989 vt
894 2924 945 2990 sic
961 2925 1094 2993 faceres
1106 2924 1317 2991 mandarem.
1333 2925 1409 3009 lpse
1451 2980 1455 2985 .

166 3061 254 3106 vero
272 3061 344 3107 rem
360 3039 409 3105 ita
425 3050 477 3107 est
493 3038 750 3126 interpretatus,
769 3051 805 3123 ut
822 3037 1025 3107 rescriberet
1038 3061 1092 3105 me
1104 3060 1148 3105 ex
1160 3036 1270 3124 ipsius
1284 3039 1408 3103 volun-

166 3144 243 3221 tate
261 3153 396 3235 fecisse3
415 3156 521 3221 homo
538 3154 596 3221 dat
609 3154 742 3243 (inquit)
756 3154 921 3238 officium,
936 3156 997 3223 sed
1009 3156 1106 3223 Deus
1116 3155 1177 3220 dat
1188 3166 1210 3193 ¹¹¹
1226 3152 1410 3221 discretio-

92 3334 97 3342 .
166 3292 261 3337 nem.
282 3270 383 3349 Vol0,
400 3281 438 3335 vt
453 3272 496 3336 (le
513 3281 649 3337 caetero
665 3271 795 3355 absque
822 3270 984 3356 scrupulo
1012 3291 1108 3355 agas,
1126 3279 1165 3335 vt
1181 3267 1349 3335 iudicabis
1365 3289 1408 3334 ex

166 3406 285 3453 rerum
303 3385 568 3453 circumstantiis
583 3408 660 3453 esse
678 3385 886 3465 laciendum,
905 3407 973 3451 non
991 3386 1210 3451 obstantibus
1228 3383 1359 3470 regulis
1374 3395 1409 3450 et

166 3499 459 3567 ordinationibus.
1232 3580 1245 3601 ἢ

235 3616 294 3683 26.
342 3616 474 3683 Habuit
497 3638 633 3703 semper
658 3638 818 3703 magnam
840 3617 1009 3684 rationem
1031 3614 1291 3685 aedificationis.
1316 3614 1409 3681 Hinc

164 3752 246 3798 cum
264 3732 416 3798 eundum
439 3732 522 3797 milri
543 3743 635 3799 esset
662 3724 862 3813 Lauretum,
882 3732 917 3799 in
938 3730 1088 3799 officium
1110 3742 1301 3799 rectoratus
1323 3730 1409 3795 mihi

165 3846 360 3915 succedens
380 3852 420 3917 P.
444 3848 670 3917 Sebastianus
694 3849 848 3930 Romaei,
867 3848 915 3914 illi
937 3848 1037 3915 valde
1057 3869 1159 3915 carus
1180 3848 1226 3913 ob
1246 3846 1408 3912 virtutem

164 3974 200 4029 et
218 3962 436 4048 prudentiam
457 3966 495 4046 ⁸⁵,
511 3962 603 4030 misit
620 3976 633 4003 ¹¹
655 3964 699 4031 ad
717 3974 846 4050 septem
864 3964 1029 4031 ecclesias
1044 3962 1175 4047 aliquot
1193 3964 1317 4029 Patres
1328 3981 1408 4027 cum
1450 3967 1452 3974 '

221 4150 230 4201 i
270 4148 389 4205 Desunt
407 4154 471 4205 ocio
489 4150 645 4223 sequentia
665 4152 765 4208 verba.
804 4156 855 4197 -k
874 4151 1001 4207 accedit.
1039 4151 1083 4192 ..t
1101 4167 1169 4205 nam
1186 4157 1218 4203 et
1232 4166 1289 4219 ego
1302 4148 1351 4224 si.⁴
1375 4176 1411 4190 ·-

165 4254 186 4281 m
200 4236 262 4293 Dei
276 4244 324 4293 est
336 4236 416 4297 dare.
456 4256 507 4283 —11
528 4240 608 4295 misit
622 4258 749 4297 mecum.

218 4408 241 4442 ¹⁸
279 4409 399 4465 Laureti
410 4412 596 4481 gubernator
608 4420 672 4468 erat
685 4414 801 4485 Gaspar
814 4412 851 4468 de
866 4412 980 4469 Doctis.

120 4558 123 4565 ¹
217 4498 241 4532 ¹³
280 4499 432 4569 Quantum
446 4498 579 4571 ignatius
596 4502 719 4557 Romaei
737 4502 841 4558 virtuti
858 4519 897 4567 ac,
906 4500 1080 4574 prudentiae
1098 4498 1215 4567 fideret,
1241 4498 1315 4553 satis
1330 4493 1406 4550 illud

159 4584 306 4659 ostendit,
316 4586 394 4661 quod
407 4588 438 4643 in
451 4588 602 4645 Corsicam
617 4588 746 4646 nondum
760 4590 897 4647 sacerdos
908 4592 946 4646 ab
957 4590 1007 4646 illo
1018 4591 1126 4645 missus
1137 4587 1237 4659 tuerit,
1252 4584 1401 4643 sociorum

161 4693 210 4732 res
221 4677 439 4748 exploraturus.
458 4678 553 4751 Epist.
570 4680 697 4749 Mixtus,
709 4680 761 4749 ΙΙΙ,
776 4692 803 4753 7,
822 4681 881 4753 148,
901 4693 963 4751 154.
