3500 5367
409 431 462 487 368
789 434 997 490 Mouurrnurn
1018 436 1197 491 lounrmna

375 598 473 654 erant
488 586 523 651 in
540 608 583 655 eo
598 586 872 672 perturbationes
889 588 1028 656 sedatae
1041 599 1077 655 et
1092 588 1314 674 perdomitae,
1332 589 1382 657 sic
1402 590 1594 676 propensio
1676 611 1677 618 ¹

375 724 437 769 nes
452 702 556 769 animi
572 724 692 769 omnes
708 700 743 768 in
760 700 889 769 uirtute
905 702 1077 770 radicatae
1091 715 1127 770 et
1142 703 1240 787 quasi
1256 716 1451 784 concretae,
1466 717 1507 770 ut
1520 705 1593 771 nulli

375 818 452 884 usui
469 831 705 904 praeterquam
723 818 843 884 uirtuti
865 830 900 885 et
919 817 1095 885 sanctitati
1114 819 1364 903 subseruirent,
1386 833 1421 889 et
1441 844 1486 889 ex
1508 842 1543 887 se
1563 823 1592 888 in

372 938 484 1003 Deum
502 934 752 1019 quodammodo
775 934 956 1001 ferrentur.
976 935 1081 1019 Quod
1096 931 1225 1001 dictum
1242 935 1297 1016 sit,
1316 958 1385 1002 non
1402 946 1440 1003 ut
1460 951 1592 1004 naturae

373 1050 563 1120 tribuamus
578 1050 670 1134 quod
686 1062 740 1118 est
754 1048 898 1135 gratiae,
916 1050 977 1116 sed
994 1062 1032 1115 ut
1047 1049 1193 1136 gratiam
1212 1050 1320 1135 ipsam
1340 1052 1593 1139 magnificemus

371 1179 406 1233 et
423 1168 637 1247 extollamus,
656 1187 744 1251 quae
765 1164 811 1231 ita
831 1164 1003 1233 hominem
1020 1145 1214 1245 confirmat,
1237 1178 1277 1231 ut
1296 1178 1454 1235 naturam
1471 1168 1588 1246 uiuent,

370 1293 405 1349 et
418 1280 465 1347 ita
477 1283 552 1347 Deo
564 1280 735 1361 subiiciat,
749 1292 787 1346 ut
798 1280 905 1366 possit
917 1279 1100 1364 aliquando
1111 1280 1238 1349 dicere:
1253 1280 1345 1382 Viuo
1355 1303 1436 1369 ego,
1452 1283 1519 1350 iam
1530 1305 1588 1348 non

371 1418 450 1483 eg0‚
470 1396 557 1463 uiuit
575 1418 658 1465 uero
674 1395 709 1461 in
726 1418 781 1465 me
796 1394 955 1463 Christus
971 1397 1010 1462 ²².

437 1514 492 1579 66.
540 1512 635 1579 Dixit
651 1512 822 1581 interdum
837 1510 934 1592 mihi,
949 1511 1094 1578 mirabili
1106 1512 1170 1580 Dei
1182 1512 1399 1599 prouidentia
1410 1536 1448 1581 se
1460 1536 1535 1583 esse
1545 1526 1588 1580 tot

370 1629 499 1695 morbis
515 1628 714 1709 obnoxium,
733 1638 772 1693 ut
791 1627 935 1695 aliorum
953 1625 1063 1695 uicem
1083 1630 1198 1696 dolere
1218 1630 1364 1697 disceret
1387 1641 1422 1699 et
1445 1653 1587 1699 moerere

371 1744 570 1832 angoribus.
589 1746 677 1811 Nam
694 1764 772 1809 cum
797 1764 876 1830 eg0,
900 1743 1023 1829 inquit,
1046 1765 1180 1829 semper
1202 1745 1239 1811 in
1261 1744 1375 1812 animo
1397 1747 1554 1815 haberem
1574 1759 1585 1794 ²¹

368 1860 479 1927 socios
494 1880 632 1946 cogere,
649 1871 684 1927 et
705 1857 945 1945 rigidissimam
968 1870 1071 1943 atque
1087 1859 1305 1944 asperrimam
1322 1860 1416 1929 uitae
1430 1861 1584 1928 rationem

368 1976 567 2061 complexus
582 1996 704 2054 essem,
723 1973 752 2040 si
767 1974 887 2040 firmus
902 1973 1042 2041 omnino
1062 1974 1201 2042 fuissem
1218 1996 1372 2062 corpore.
1391 1990 1428 2045 et
1446 1976 1529 2043 nihil
1547 1978 1584 2041 de

367 2092 424 2157 illa
445 2091 549 2157 animi
569 2088 802 2157 contractione
830 2100 865 2156 et
893 2089 985 2155 uitae
1012 2088 1210 2158 austeritate
1231 2090 1451 2172 remisissem,
1480 2092 1582 2157 nullus

369 2228 451 2273 sane
467 2227 522 2272 me
538 2216 758 2291 praeeuntem
776 2204 873 2290 sequi
890 2204 1069 2290 potuisset3
1087 2218 1180 2271 nun'c
1202 2227 1297 2285 uero,
1323 2228 1468 2294 corpore
1487 2208 1583 2273 fracto

368 2333 470 2406 atque
486 2320 673 2401 debilitato,
688 2323 785 2389 Deus
796 2342 851 2387 me
862 2322 963 2387 docet
976 2333 1015 2384 ut
1026 2318 1178 2387 infirmer
1189 2341 1268 2386 cum
1280 2320 1539 2402 infirmantibus,
1551 2333 1579 2387 et

367 2436 495 2523 aliquid
512 2438 682 2503 humanae
697 2434 922 2504 imbecillitati
938 2434 1097 2502 tribuam.
1117 2437 1221 2503 Anno
1238 2453 1279 2519 53
1295 2439 1408 2503 ¹.—R.
1440 2455 1451 2485 ⁸

364 2552 366 2557 ’
434 2554 488 2635 67.
536 2554 604 2620 Las
619 2553 753 2620 sehales
768 2552 866 2619 desto
880 2569 944 2617 son
961 2553 1116 2619 muchas:
1135 2552 1167 2617 el
1182 2554 1323 2619 mandar
1338 2554 1371 2618 al
1389 2551 1579 2640 comprador

366 2692 433 2755 que
449 2670 534 2737 cada
548 2670 604 2736 dia
619 2668 651 2734 le
668 2666 816 2736 uiniesse
832 2673 852 2733 a
867 2667 960 2733 dezir
975 2668 1038 2733 dos
1054 2688 1156 2735 uezes
1172 2666 1201 2733 si
1217 2670 1320 2734 baula
1331 2669 1422 2735 dado
1434 2670 1466 2735 al
1477 2668 1576 2736 enter·

366 2807 459 2869 mero
475 2786 556 2851 todo
570 2785 604 2850 lo
620 2806 687 2869 que
703 2783 803 2870 pedia
819 2804 901 2869 para
916 2782 967 2848 los
983 2782 1166 2863 enfermos;
1184 2782 1216 2849 el
1231 2783 1375 2851 mandat
1391 2786 1519 2853 uender
1535 2784 1577 2848 los

363 2903 473 2988 platos
489 2902 532 2967 de
548 2909 667 2967 estaho
683 2922 706 2984 y
722 2908 855 2964 mantas
871 2920 953 2983 para
968 2896 1098 2983 supplir
1113 2898 1199 2964 alas
1214 2898 1454 2981 necessidades
1469 2899 1574 2977 dellos;

362 3018 412 3083 las
427 3014 636 3103 penitencias
652 3036 720 3099 que
735 3015 825 3081 daua
840 3036 904 3100 por
920 3013 1098 3100 qualquier
1112 3013 1289 3099 descuydo
1300 3036 1368 3098 que
1378 3036 1446 3082 con
1456 3017 1535 3083 ellos
1545 3034 1575 3079 se

364 3148 482 3213 usaua;
500 3132 532 3199 el
548 3130 677 3199 embiar
692 3136 712 3197 a
727 3152 788 3197 ver
803 3135 903 3196 cdmo
918 3139 1038 3195 estaua
1053 3128 1099 3194 mi
1110 3149 1200 3197 uena
1212 3142 1222 3169 ⁵
1233 3130 1277 3196 de
1289 3132 1400 3199 noche
1411 3132 1506 3199 doso
1517 3141 1575 3195 tres

363 3270 465 3314 uezes
481 3247 617 3333 quando
634 3256 754 3314 estaua
769 3246 952 3332 sangrado;
971 3245 1003 3311 el
1019 3246 1161 3311 mandar
1182 3245 1213 3312 al
1233 3256 1344 3313 rector
1363 3266 1446 3331 que,
1468 3268 1510 3315 en
1526 3266 1574 3312 ca·

361 3365 474 3449 yendo
492 3385 561 3429 uno
578 3363 679 3443 malo,
697 3362 802 3449 luego
817 3383 854 3428 se
869 3360 904 3426 lo
920 3358 1068 3427 uiniesse
1084 3383 1104 3427 a
1120 3357 1224 3440 dezir,
1243 3360 1276 3427 lo
1296 3380 1364 3445 que
1384 3362 1479 3429 suele
1490 3359 1576 3429 'dezir

362 3502 428 3566 que
445 3480 517 3546 sdlo
533 3491 608 3545 esto
623 3480 656 3543 le
671 3480 757 3565 haze
772 3476 929 3558 temblar;
947 3497 970 3560 y
986 3476 1114 3562 alguna
1130 3495 1194 3540 uez
1209 3496 1265 3542 me
1280 3476 1388 3543 dezla:
1406 3476 1572 3563 quandoel

360 3596 503 3663 humbre
519 3598 593 3662 esta
609 3594 699 3660 malo
716 3614 761 3659 no
778 3590 890 3678 puede
905 3593 1009 3658 hazer
1025 3591 1125 3672 nada3
1148 3590 1268 3675 quieto
1288 3590 1394 3674 dezir,
1416 3614 1484 3679 que
1501 3592 1572 3660 Dios

360 3723 500 3779 nuestro
516 3720 619 3777 senor
634 3731 679 3775 no
695 3708 813 3795 quiere
829 3709 933 3784 hazer
948 3728 1012 3793 por
1027 3708 1071 3788 el;
1088 3727 1111 3791 y
1126 3706 1266 3790 quando
1280 3713 1355 3774 esta
1365 3729 1452 3775 sano
1465 3708 1571 3797 [puede

358 3830 461 3893 hacer
476 3824 627 3916 much0,]
640 3824 673 3890 id
686 3836 750 3905 est,
765 3822 850 3891 Dios
862 3822 980 3908 quiere
992 3823 1095 3889 hazer
1106 3842 1169 3907 por
1179 3820 1223 3887 el.
1239 3822 1269 3888 Y
1282 3833 1356 3889 otra
1368 3844 1433 3891 uez
1444 3823 1570 3893 estando

359 3944 390 4011 el
402 3943 521 4008 doctor
534 3944 645 4009 Olaue
662 3939 887 4026 indispuesto,
906 3959 974 4023 que
989 3958 1046 4005 era
1063 3935 1142 4022 algo
1158 3936 1330 4023 rigoroso,
1347 3960 1404 4008 me
1418 3940 1507 4007 dixo:
1518 3939 1569 4005 de

358 4058 411 4124 zid
428 4060 460 4123 al
475 4060 536 4125 Dr.
557 4059 670 4145 Olaue
684 4058 728 4123 de
744 4056 789 4122 mi
806 4065 914 4141 parte,
933 4073 1000 4138 que
1014 4054 1107 4119 buen
1131 4060 1233 4119 senor
1249 4063 1420 4154 tenemos,
1439 4077 1505 4141 que
1516 4074 1568 4119 nos

357 4184 486 4242 enseha
501 4180 599 4241 como
616 4175 781 4241 hauemos
797 4172 839 4237 de
856 4170 1099 4255 eompadescer
1113 4173 1134 4233 a
1150 4168 1201 4234 los
1221 4180 1317 4237 otros
1332 4181 1400 4239 etc.
1418 4172 1503 4240 Otra
1515 4190 1567 4235 uez

356 4290 435 4357 dixo
448 4313 515 4376 que
531 4293 561 4357 el
576 4289 729 4356 ministro
747 4286 846 4373 podia
857 4288 960 4351 hazer
972 4284 1072 4351 saber
1083 4283 1115 4348 al
1129 4284 1240 4353 Padre
1252 4286 1362 4352 Nadal
1374 4289 1455 4353 todo
1471 4289 1566 4370 loque

408 4460 421 4497 u
459 4444 627 4499 habuissem
641 4440 773 4496 Natalis.
813 4452 857 4479 ..r
877 4434 1122 4509 Paragrnphit'ry
1144 4440 1172 4490 et
1193 4434 1229 4489 68
1250 4436 1412 4493 cancellati
1429 4443 1508 4493 sunt.
1538 4460 1564 4475 ··

355 4532 423 4589 emi
437 4533 523 4588 uenia
536 4550 591 4587 ms.

388 4670 412 4702 '¹
449 4666 584 4737 GALAT„
599 4666 636 4732 11,
651 4677 696 4718 ιο.
