<?xml version="1.0" encoding="UTF-8"?>
<!DOCTYPE html PUBLIC "-//W3C//DTD XHTML 1.0 Transitional//EN"
    "http://www.w3.org/TR/xhtml1/DTD/xhtml1-transitional.dtd">
<html xmlns="http://www.w3.org/1999/xhtml" xml:lang="en" lang="en">
 <head>
  <title>
</title>
<meta http-equiv="Content-Type" content="text/html;charset=utf-8" />
  <meta name='ocr-system' content='tesseract 3.04.00' />
  <meta name='ocr-capabilities' content='ocr_page ocr_carea ocr_par ocr_line ocrx_word'/>
</head>
<body>
  <div class='ocr_page' id='page_1' title='image "./monumentaignati00ignagoog/monumentaignati00ignagoog_0607.png"; bbox 0 0 3500 5367; ppageno 0'>
   <div class='ocr_carea' id='block_1_1' title="bbox 424 506 1376 621">
    <p class='ocr_par' dir='ltr' id='par_1_1' title="bbox 424 506 1376 621">
     <span class='ocr_line' id='line_1_1' title="bbox 424 506 1376 621; baseline 0.004 -44"><span class='ocrx_word' id='word_1_1' title='bbox 424 522 610 579; x_wconf 81' lang='lat' dir='ltr'><strong>Pnocussus</strong></span> <span class='ocrx_word' id='word_1_2' title='bbox 629 506 838 580; x_wconf 72' lang='lat' dir='ltr'><strong>izemnnnus</strong></span> <span class='ocrx_word' id='word_1_3' title='bbox 857 536 987 621; x_wconf 49' lang='lat' dir='ltr'><strong>com‘a</strong></span> <span class='ocrx_word' id='word_1_4' title='bbox 1006 523 1164 580; x_wconf 74' lang='lat' dir='ltr'><strong>Ioannou</strong></span> <span class='ocrx_word' id='word_1_5' title='bbox 1324 532 1376 591; x_wconf 85' lang='lat'><strong>595</strong></span> 
     </span>
    </p>
   </div>
   <div class='ocr_carea' id='block_1_2' title="bbox 166 672 1413 1457">
    <p class='ocr_par' dir='ltr' id='par_1_2' title="bbox 166 672 1413 1457">
     <span class='ocr_line' id='line_1_2' title="bbox 167 672 1411 761; baseline 0 -22"><span class='ocrx_word' id='word_1_6' title='bbox 167 672 264 741; x_wconf 76' lang='lat' dir='ltr'><strong>iibro</strong></span> <span class='ocrx_word' id='word_1_7' title='bbox 285 674 486 761; x_wconf 87' lang='lat' dir='ltr'><strong>yregistro‚</strong></span> <span class='ocrx_word' id='word_1_8' title='bbox 503 680 524 741; x_wconf 77' lang='grc'>6</span> <span class='ocrx_word' id='word_1_9' title='bbox 540 694 586 741; x_wconf 89' lang='lat' dir='ltr'><strong>no</strong></span> <span class='ocrx_word' id='word_1_10' title='bbox 606 676 756 761; x_wconf 88' lang='lat' dir='ltr'><strong>seyendo</strong></span> <span class='ocrx_word' id='word_1_11' title='bbox 777 674 1000 757; x_wconf 86' lang='lat' dir='ltr'><strong>beneficiado,</strong></span> <span class='ocrx_word' id='word_1_12' title='bbox 1022 698 1062 745; x_wconf 86' lang='lat' dir='ltr'><strong>se</strong></span> <span class='ocrx_word' id='word_1_13' title='bbox 1082 678 1178 743; x_wconf 80' lang='lat' dir='ltr'><strong>fuere</strong></span> <span class='ocrx_word' id='word_1_14' title='bbox 1201 680 1222 742; x_wconf 78' lang='lat' dir='ltr'><strong>a</strong></span> <span class='ocrx_word' id='word_1_15' title='bbox 1244 674 1278 741; x_wconf 83' lang='lat' dir='ltr'><strong>la</strong></span> <span class='ocrx_word' id='word_1_16' title='bbox 1297 676 1411 741; x_wconf 67' lang='lat' dir='ltr'><strong>carce!</strong></span> 
     </span>
     <span class='ocr_line' id='line_1_3' title="bbox 170 788 1410 877; baseline 0 -20"><span class='ocrx_word' id='word_1_17' title='bbox 170 790 231 859; x_wconf 85' lang='lat' dir='ltr'><strong>del</strong></span> <span class='ocrx_word' id='word_1_18' title='bbox 246 788 350 857; x_wconf 90' lang='lat' dir='ltr'><strong>dicho</strong></span> <span class='ocrx_word' id='word_1_19' title='bbox 365 811 516 875; x_wconf 90' lang='lat' dir='ltr'><strong>sennyor</strong></span> <span class='ocrx_word' id='word_1_20' title='bbox 537 789 670 876; x_wconf 83' lang='lat' dir='ltr'>obispo,</span> <span class='ocrx_word' id='word_1_21' title='bbox 687 812 710 875; x_wconf 84' lang='lat' dir='ltr'>y</span> <span class='ocrx_word' id='word_1_22' title='bbox 726 811 763 857; x_wconf 88' lang='lat' dir='ltr'><strong>se</strong></span> <span class='ocrx_word' id='word_1_23' title='bbox 785 800 984 877; x_wconf 84' lang='lat' dir='ltr'>presentare</span> <span class='ocrx_word' id='word_1_24' title='bbox 1003 814 1047 859; x_wconf 90' lang='lat' dir='ltr'><strong>en</strong></span> <span class='ocrx_word' id='word_1_25' title='bbox 1068 791 1146 871; x_wconf 87' lang='lat' dir='ltr'><strong>ella,</strong></span> <span class='ocrx_word' id='word_1_26' title='bbox 1170 794 1191 858; x_wconf 77' lang='lat' dir='ltr'><strong>e</strong></span> <span class='ocrx_word' id='word_1_27' title='bbox 1213 789 1333 859; x_wconf 84' lang='lat' dir='ltr'><strong>ouiere</strong></span> <span class='ocrx_word' id='word_1_28' title='bbox 1347 799 1410 857; x_wconf 66' lang='lat' dir='ltr'><strong>&#39;ren</strong></span> 
     </span>
     <span class='ocr_line' id='line_1_4' title="bbox 167 904 1411 991; baseline 0.001 -20"><span class='ocrx_word' id='word_1_29' title='bbox 167 926 280 973; x_wconf 88' lang='lat' dir='ltr'><strong>·ourso</strong></span> <span class='ocrx_word' id='word_1_30' title='bbox 295 911 314 971; x_wconf 77' lang='lat' dir='ltr'><strong>a</strong></span> <span class='ocrx_word' id='word_1_31' title='bbox 330 910 431 972; x_wconf 84' lang='lat' dir='ltr'><strong>noso</strong></span> <span class='ocrx_word' id='word_1_32' title='bbox 451 906 484 972; x_wconf 90' lang='lat' dir='ltr'><strong>al</strong></span> <span class='ocrx_word' id='word_1_33' title='bbox 503 904 605 972; x_wconf 92' lang='lat' dir='ltr'><strong>dicho</strong></span> <span class='ocrx_word' id='word_1_34' title='bbox 624 905 747 973; x_wconf 83' lang='lat' dir='ltr'><strong>official</strong></span> <span class='ocrx_word' id='word_1_35' title='bbox 769 911 791 972; x_wconf 87' lang='grc' dir='ltr'><strong>ό</strong></span> <span class='ocrx_word' id='word_1_36' title='bbox 812 905 1062 991; x_wconf 88' lang='lat' dir='ltr'><strong>quallesquiere</strong></span> <span class='ocrx_word' id='word_1_37' title='bbox 1085 915 1179 973; x_wconf 88' lang='lat' dir='ltr'><strong>otros</strong></span> <span class='ocrx_word' id='word_1_38' title='bbox 1201 905 1366 973; x_wconf 78' lang='lat' dir='ltr'><strong>officiales</strong></span> <span class='ocrx_word' id='word_1_39' title='bbox 1390 926 1411 972; x_wconf 94' lang='lat' dir='ltr'>o</span> 
     </span>
     <span class='ocr_line' id='line_1_5' title="bbox 175 998 1412 1109; baseline 0.002 -22"><span class='ocrx_word' id='word_1_40' title='bbox 175 1020 323 1089; x_wconf 86' lang='lat' dir='ltr'><strong>vicarios</strong></span> <span class='ocrx_word' id='word_1_41' title='bbox 338 1022 567 1108; x_wconf 77' lang='lat' dir='ltr'><strong>generalleso</strong></span> <span class='ocrx_word' id='word_1_42' title='bbox 586 1042 646 1088; x_wconf 87' lang='lat' dir='ltr'><strong>sus</strong></span> <span class='ocrx_word' id='word_1_43' title='bbox 663 1020 843 1102; x_wconf 83' lang='lat' dir='ltr'><strong>tenientes,</strong></span> <span class='ocrx_word' id='word_1_44' title='bbox 863 1044 925 1109; x_wconf 89' lang='lat' dir='ltr'><strong>por</strong></span> <span class='ocrx_word' id='word_1_45' title='bbox 940 1044 1046 1109; x_wconf 84' lang='lat' dir='ltr'><strong>gozar</strong></span> <span class='ocrx_word' id='word_1_46' title='bbox 1061 1023 1117 1091; x_wconf 84' lang='lat' dir='ltr'><strong>dei</strong></span> <span class='ocrx_word' id='word_1_47' title='bbox 1132 998 1247 1089; x_wconf 83' lang='lat' dir='ltr'><strong>dicho¹</strong></span> <span class='ocrx_word' id='word_1_48' title='bbox 1256 1020 1412 1108; x_wconf 87' lang='lat' dir='ltr'><strong>priuille·</strong></span> 
     </span>
     <span class='ocr_line' id='line_1_6' title="bbox 174 1134 1412 1225; baseline -0.002 -21"><span class='ocrx_word' id='word_1_49' title='bbox 174 1136 237 1225; x_wconf 84' lang='lat' dir='ltr'><strong>gio</strong></span> <span class='ocrx_word' id='word_1_50' title='bbox 262 1136 397 1205; x_wconf 83' lang='lat' dir='ltr'><strong>clerica}</strong></span> <span class='ocrx_word' id='word_1_51' title='bbox 425 1134 594 1222; x_wconf 86' lang='lat' dir='ltr'><strong>espidiere</strong></span> <span class='ocrx_word' id='word_1_52' title='bbox 617 1135 796 1217; x_wconf 81' lang='lat' dir='ltr'><strong>monition,</strong></span> <span class='ocrx_word' id='word_1_53' title='bbox 822 1136 1005 1205; x_wconf 82' lang='lat' dir='ltr'><strong>inhibition</strong></span> <span class='ocrx_word' id='word_1_54' title='bbox 1027 1148 1149 1205; x_wconf 88' lang='lat' dir='ltr'><strong>contra</strong></span> <span class='ocrx_word' id='word_1_55' title='bbox 1172 1138 1206 1204; x_wconf 89' lang='lat' dir='ltr'><strong>la</strong></span> <span class='ocrx_word' id='word_1_56' title='bbox 1227 1135 1412 1223; x_wconf 81' lang='lat' dir='ltr'><strong>justiciae</strong></span> 
     </span>
     <span class='ocr_line' id='line_1_7' title="bbox 166 1252 1412 1339; baseline -0.002 -20"><span class='ocrx_word' id='word_1_57' title='bbox 166 1253 292 1336; x_wconf 84' lang='lat' dir='ltr'><strong>¹juezes</strong></span> <span class='ocrx_word' id='word_1_58' title='bbox 319 1252 517 1332; x_wconf 70' lang='lat' dir='ltr'><strong>secullare3‚</strong></span> <span class='ocrx_word' id='word_1_59' title='bbox 547 1274 614 1337; x_wconf 91' lang='lat' dir='ltr'><strong>que</strong></span> <span class='ocrx_word' id='word_1_60' title='bbox 642 1274 687 1318; x_wconf 90' lang='lat' dir='ltr'><strong>no</strong></span> <span class='ocrx_word' id='word_1_61' title='bbox 715 1274 789 1322; x_wconf 88' lang='lat' dir='ltr'><strong>ssea</strong></span> <span class='ocrx_word' id='word_1_62' title='bbox 817 1252 982 1320; x_wconf 87' lang='lat' dir='ltr'><strong>admitido</strong></span> <span class='ocrx_word' id='word_1_63' title='bbox 1012 1252 1047 1319; x_wconf 90' lang='lat' dir='ltr'><strong>ni</strong></span> <span class='ocrx_word' id='word_1_64' title='bbox 1074 1253 1259 1323; x_wconf 79' lang='lat' dir='ltr'><strong>detendido</strong></span> <span class='ocrx_word' id='word_1_65' title='bbox 1286 1274 1349 1339; x_wconf 91' lang='lat' dir='ltr'><strong>por</strong></span> <span class='ocrx_word' id='word_1_66' title='bbox 1379 1254 1412 1318; x_wconf 86' lang='lat' dir='ltr'><strong>la</strong></span> 
     </span>
     <span class='ocr_line' id='line_1_8' title="bbox 174 1367 1413 1457; baseline 0 -23"><span class='ocrx_word' id='word_1_67' title='bbox 174 1368 321 1457; x_wconf 85' lang='lat' dir='ltr'><strong>yglesia3</strong></span> <span class='ocrx_word' id='word_1_68' title='bbox 343 1390 367 1454; x_wconf 90' lang='lat' dir='ltr'><strong>y</strong></span> <span class='ocrx_word' id='word_1_69' title='bbox 387 1389 455 1452; x_wconf 89' lang='lat' dir='ltr'><strong>que</strong></span> <span class='ocrx_word' id='word_1_70' title='bbox 476 1370 508 1437; x_wconf 90' lang='lat' dir='ltr'><strong>el</strong></span> <span class='ocrx_word' id='word_1_71' title='bbox 529 1368 653 1435; x_wconf 83' lang='lat' dir='ltr'><strong>official</strong></span> <span class='ocrx_word' id='word_1_72' title='bbox 673 1368 708 1434; x_wconf 91' lang='lat' dir='ltr'><strong>ni</strong></span> <span class='ocrx_word' id='word_1_73' title='bbox 724 1380 800 1435; x_wconf 93' lang='lat' dir='ltr'><strong>otro</strong></span> <span class='ocrx_word' id='word_1_74' title='bbox 821 1367 979 1456; x_wconf 85' lang='lat' dir='ltr'><strong>ninguno</strong></span> <span class='ocrx_word' id='word_1_75' title='bbox 999 1390 1045 1435; x_wconf 92' lang='lat' dir='ltr'><strong>no</strong></span> <span class='ocrx_word' id='word_1_76' title='bbox 1064 1390 1154 1455; x_wconf 85' lang='lat' dir='ltr'><strong>ayan</strong></span> <span class='ocrx_word' id='word_1_77' title='bbox 1174 1407 1220 1419; x_wconf 90' lang='lat'><em>-</em></span> <span class='ocrx_word' id='word_1_78' title='bbox 1238 1408 1284 1419; x_wconf 89' lang='lat'>-</span> <span class='ocrx_word' id='word_1_79' title='bbox 1304 1406 1347 1418; x_wconf 91' lang='lat'>-</span> <span class='ocrx_word' id='word_1_80' title='bbox 1369 1406 1413 1418; x_wconf 91' lang='lat'>—</span> 
     </span>
    </p>
   </div>
   <div class='ocr_carea' id='block_1_3' title="bbox 171 1808 1420 2847">
    <p class='ocr_par' dir='ltr' id='par_1_3' title="bbox 171 1808 1420 2847">
     <span class='ocr_line' id='line_1_9' title="bbox 176 1808 1414 1917; baseline 0.002 -20"><span class='ocrx_word' id='word_1_81' title='bbox 176 1832 224 1901; x_wconf 91' lang='lat' dir='ltr'><strong>de</strong></span> <span class='ocrx_word' id='word_1_82' title='bbox 241 1854 283 1899; x_wconf 91' lang='lat' dir='ltr'><strong>su</strong></span> <span class='ocrx_word' id='word_1_83' title='bbox 299 1868 761 1883; x_wconf 78' lang='lat'><strong>--------</strong></span> <span class='ocrx_word' id='word_1_84' title='bbox 776 1832 888 1917; x_wconf 88' lang='lat' dir='ltr'><strong>spatio</strong></span> <span class='ocrx_word' id='word_1_85' title='bbox 903 1808 954 1899; x_wconf 34' lang='lat' dir='ltr'><strong>de·</strong></span> <span class='ocrx_word' id='word_1_86' title='bbox 968 1845 1038 1900; x_wconf 86' lang='lat' dir='ltr'><strong>tres</strong></span> <span class='ocrx_word' id='word_1_87' title='bbox 1054 1869 1414 1883; x_wconf 83' lang='lat'>------</span> 
     </span>
     <span class='ocr_line' id='line_1_10' title="bbox 171 1946 1420 2039; baseline 0 -24"><span class='ocrx_word' id='word_1_88' title='bbox 171 1982 226 1997; x_wconf 92' lang='lat'><strong>··-</strong></span> <span class='ocrx_word' id='word_1_89' title='bbox 241 1986 286 1997; x_wconf 98' lang='lat'>-</span> <span class='ocrx_word' id='word_1_90' title='bbox 303 1985 347 1999; x_wconf 88' lang='lat'>-</span> <span class='ocrx_word' id='word_1_91' title='bbox 361 1947 564 2017; x_wconf 86' lang='lat' dir='ltr'><strong>cometiesse</strong></span> <span class='ocrx_word' id='word_1_92' title='bbox 579 1948 613 2013; x_wconf 88' lang='lat' dir='ltr'><strong>el</strong></span> <span class='ocrx_word' id='word_1_93' title='bbox 628 1949 675 2015; x_wconf 88' lang='lat' dir='ltr'><strong>tal</strong></span> <span class='ocrx_word' id='word_1_94' title='bbox 687 1946 837 2030; x_wconf 90' lang='lat' dir='ltr'><strong>dellicto,</strong></span> <span class='ocrx_word' id='word_1_95' title='bbox 850 1948 894 2017; x_wconf 89' lang='lat' dir='ltr'><strong>de</strong></span> <span class='ocrx_word' id='word_1_96' title='bbox 906 1969 975 2033; x_wconf 88' lang='lat' dir='ltr'><strong>que</strong></span> <span class='ocrx_word' id='word_1_97' title='bbox 988 1948 1046 2015; x_wconf 78' lang='lat' dir='ltr'><strong>fue</strong></span> <span class='ocrx_word' id='word_1_98' title='bbox 1056 1948 1207 2015; x_wconf 87' lang='lat' dir='ltr'><strong>acusado</strong></span> <span class='ocrx_word' id='word_1_99' title='bbox 1218 1953 1238 2015; x_wconf 78' lang='lat' dir='ltr'><strong>e</strong></span> <span class='ocrx_word' id='word_1_100' title='bbox 1251 1946 1420 2039; x_wconf 54' lang='lat' dir='ltr'><strong>p[roc]es2</strong></span> 
     </span>
     <span class='ocr_line' id='line_1_11' title="bbox 178 2062 1414 2153; baseline 0.002 -22"><span class='ocrx_word' id='word_1_101' title='bbox 178 2066 265 2131; x_wconf 90' lang='lat' dir='ltr'><strong>sado</strong></span> <span class='ocrx_word' id='word_1_102' title='bbox 280 2062 308 2147; x_wconf 69' lang='lat'><strong>⁶,</strong></span> <span class='ocrx_word' id='word_1_103' title='bbox 325 2086 389 2150; x_wconf 90' lang='lat' dir='ltr'><strong>por</strong></span> <span class='ocrx_word' id='word_1_104' title='bbox 404 2084 493 2149; x_wconf 86' lang='lat' dir='ltr'><strong>cuya</strong></span> <span class='ocrx_word' id='word_1_105' title='bbox 507 2085 612 2131; x_wconf 86' lang='lat' dir='ltr'><strong>causa</strong></span> <span class='ocrx_word' id='word_1_106' title='bbox 628 2062 756 2150; x_wconf 88' lang='lat' dir='ltr'><strong>pidiere</strong></span> <span class='ocrx_word' id='word_1_107' title='bbox 772 2064 804 2132; x_wconf 91' lang='lat' dir='ltr'><strong>la</strong></span> <span class='ocrx_word' id='word_1_108' title='bbox 824 2064 925 2132; x_wconf 89' lang='lat' dir='ltr'><strong>dicha</strong></span> <span class='ocrx_word' id='word_1_109' title='bbox 942 2064 1132 2153; x_wconf 74' lang='lat' dir='ltr'><strong>[moniltion</strong></span> <span class='ocrx_word' id='word_1_110' title='bbox 1148 2074 1162 2105; x_wconf 72' lang='lat'><strong>⁶</strong></span> <span class='ocrx_word' id='word_1_111' title='bbox 1176 2069 1197 2130; x_wconf 79' lang='grc' dir='ltr'>ἑ</span> <span class='ocrx_word' id='word_1_112' title='bbox 1212 2063 1414 2134; x_wconf 82' lang='lat' dir='ltr'><strong>inhibicion</strong></span> 
     </span>
     <span class='ocr_line' id='line_1_12' title="bbox 249 2178 1415 2266; baseline 0.002 -19"><span class='ocrx_word' id='word_1_113' title='bbox 249 2181 340 2247; x_wconf 87' lang='lat' dir='ltr'><strong>Ecce</strong></span> <span class='ocrx_word' id='word_1_114' title='bbox 355 2200 442 2266; x_wconf 85' lang='lat' dir='ltr'><strong>ergo</strong></span> <span class='ocrx_word' id='word_1_115' title='bbox 458 2179 534 2247; x_wconf 88' lang='lat' dir='ltr'><strong>idea</strong></span> <span class='ocrx_word' id='word_1_116' title='bbox 550 2178 638 2265; x_wconf 85' lang='lat' dir='ltr'><strong>legis</strong></span> <span class='ocrx_word' id='word_1_117' title='bbox 653 2180 728 2248; x_wconf 87' lang='lat' dir='ltr'><strong>siue</strong></span> <span class='ocrx_word' id='word_1_118' title='bbox 743 2180 1009 2260; x_wconf 83' lang='lat' dir='ltr'><strong>constitutionis3</strong></span> <span class='ocrx_word' id='word_1_119' title='bbox 1024 2203 1068 2249; x_wconf 84' lang='lat' dir='ltr'><strong>ex</strong></span> <span class='ocrx_word' id='word_1_120' title='bbox 1090 2180 1217 2265; x_wconf 84' lang='lat' dir='ltr'><strong>quibus</strong></span> <span class='ocrx_word' id='word_1_121' title='bbox 1240 2179 1308 2248; x_wconf 79' lang='lat' dir='ltr'><strong>tria</strong></span> <span class='ocrx_word' id='word_1_122' title='bbox 1326 2178 1415 2249; x_wconf 85' lang='lat' dir='ltr'><strong>infe-</strong></span> 
     </span>
     <span class='ocr_line' id='line_1_13' title="bbox 179 2295 1412 2390; baseline -0.002 -28"><span class='ocrx_word' id='word_1_123' title='bbox 179 2306 320 2366; x_wconf 89' lang='lat' dir='ltr'><strong>runtur.</strong></span> <span class='ocrx_word' id='word_1_124' title='bbox 330 2296 496 2390; x_wconf 61' lang='lat' dir='ltr'><strong>Pnimum,</strong></span> <span class='ocrx_word' id='word_1_125' title='bbox 505 2305 680 2371; x_wconf 79' lang='lat' dir='ltr'><strong>tonsuram</strong></span> <span class='ocrx_word' id='word_1_126' title='bbox 693 2295 882 2379; x_wconf 86' lang='lat' dir='ltr'><strong>qualem,et</strong></span> <span class='ocrx_word' id='word_1_127' title='bbox 893 2316 979 2381; x_wconf 88' lang='lat' dir='ltr'><strong>quas</strong></span> <span class='ocrx_word' id='word_1_128' title='bbox 991 2306 1107 2365; x_wconf 87' lang='lat' dir='ltr'><strong>vestes</strong></span> <span class='ocrx_word' id='word_1_129' title='bbox 1117 2296 1266 2364; x_wconf 88' lang='lat' dir='ltr'><strong>debeant</strong></span> <span class='ocrx_word' id='word_1_130' title='bbox 1278 2298 1412 2365; x_wconf 86' lang='lat' dir='ltr'><strong>afferre.</strong></span> 
     </span>
     <span class='ocr_line' id='line_1_14' title="bbox 181 2409 1417 2496; baseline -0.004 -15"><span class='ocrx_word' id='word_1_131' title='bbox 181 2412 396 2491; x_wconf 84' lang='lat' dir='ltr'><strong>Secundum,</strong></span> <span class='ocrx_word' id='word_1_132' title='bbox 422 2410 580 2495; x_wconf 87' lang='lat' dir='ltr'><strong>qualliter</strong></span> <span class='ocrx_word' id='word_1_133' title='bbox 602 2410 749 2477; x_wconf 89' lang='lat' dir='ltr'><strong>debeant</strong></span> <span class='ocrx_word' id='word_1_134' title='bbox 769 2430 846 2477; x_wconf 87' lang='lat' dir='ltr'><strong>esse</strong></span> <span class='ocrx_word' id='word_1_135' title='bbox 865 2410 1001 2496; x_wconf 86' lang='lat' dir='ltr'>excepti</span> <span class='ocrx_word' id='word_1_136' title='bbox 1020 2409 1041 2476; x_wconf 72' lang='lat'><strong>5.</strong></span> <span class='ocrx_word' id='word_1_137' title='bbox 1067 2410 1235 2495; x_wconf 73' lang='lat' dir='ltr'><strong>Tertium,</strong></span> <span class='ocrx_word' id='word_1_138' title='bbox 1257 2410 1417 2496; x_wconf 87' lang='lat' dir='ltr'><strong>qualliter</strong></span> 
     </span>
     <span class='ocr_line' id='line_1_15' title="bbox 181 2525 1303 2611; baseline 0.001 -18"><span class='ocrx_word' id='word_1_139' title='bbox 181 2526 316 2609; x_wconf 81' lang='lat' dir='ltr'><strong>iudices</strong></span> <span class='ocrx_word' id='word_1_140' title='bbox 332 2527 481 2595; x_wconf 86' lang='lat' dir='ltr'><strong>debeant</strong></span> <span class='ocrx_word' id='word_1_141' title='bbox 496 2548 552 2595; x_wconf 90' lang='lat' dir='ltr'><strong>sse</strong></span> <span class='ocrx_word' id='word_1_142' title='bbox 568 2527 707 2607; x_wconf 86' lang='lat' dir='ltr'><strong>habere,</strong></span> <span class='ocrx_word' id='word_1_143' title='bbox 725 2536 760 2592; x_wconf 89' lang='lat' dir='ltr'><strong>et</strong></span> <span class='ocrx_word' id='word_1_144' title='bbox 777 2525 859 2611; x_wconf 90' lang='lat' dir='ltr'><strong>quid</strong></span> <span class='ocrx_word' id='word_1_145' title='bbox 875 2526 905 2592; x_wconf 91' lang='lat' dir='ltr'><strong>si</strong></span> <span class='ocrx_word' id='word_1_146' title='bbox 923 2548 1026 2595; x_wconf 87' lang='lat' dir='ltr'><strong>secus</strong></span> <span class='ocrx_word' id='word_1_147' title='bbox 1042 2526 1145 2593; x_wconf 80' lang='lat' dir='ltr'><strong>fuerit</strong></span> <span class='ocrx_word' id='word_1_148' title='bbox 1161 2528 1303 2594; x_wconf 79' lang='lat' dir='ltr'><strong>factum.</strong></span> 
     </span>
     <span class='ocr_line' id='line_1_16' title="bbox 251 2640 1416 2728; baseline 0.003 -21"><span class='ocrx_word' id='word_1_149' title='bbox 251 2642 377 2727; x_wconf 80' lang='lat' dir='ltr'>Quoad</span> <span class='ocrx_word' id='word_1_150' title='bbox 389 2640 536 2727; x_wconf 85' lang='lat' dir='ltr'><strong>primum</strong></span> <span class='ocrx_word' id='word_1_151' title='bbox 552 2651 588 2709; x_wconf 91' lang='lat' dir='ltr'><strong>et</strong></span> <span class='ocrx_word' id='word_1_152' title='bbox 603 2641 792 2708; x_wconf 87' lang='lat' dir='ltr'><strong>secundum</strong></span> <span class='ocrx_word' id='word_1_153' title='bbox 809 2652 941 2709; x_wconf 89' lang='lat' dir='ltr'><strong>certum</strong></span> <span class='ocrx_word' id='word_1_154' title='bbox 958 2654 1011 2709; x_wconf 86' lang='lat' dir='ltr'><strong>est</strong></span> <span class='ocrx_word' id='word_1_155' title='bbox 1027 2642 1121 2725; x_wconf 90' lang='lat' dir='ltr'><strong>quod</strong></span> <span class='ocrx_word' id='word_1_156' title='bbox 1134 2641 1309 2728; x_wconf 86' lang='lat' dir='ltr'><strong>predictus</strong></span> <span class='ocrx_word' id='word_1_157' title='bbox 1325 2644 1416 2711; x_wconf 88' lang='lat' dir='ltr'><strong>Ene-</strong></span> 
     </span>
     <span class='ocr_line' id='line_1_17' title="bbox 179 2756 1418 2847; baseline 0 -24"><span class='ocrx_word' id='word_1_158' title='bbox 179 2778 247 2824; x_wconf 82' lang='lat' dir='ltr'><strong>cus</strong></span> <span class='ocrx_word' id='word_1_159' title='bbox 259 2778 447 2841; x_wconf 83' lang='lat' dir='ltr'><strong>numquam</strong></span> <span class='ocrx_word' id='word_1_160' title='bbox 459 2756 583 2824; x_wconf 87' lang='lat' dir='ltr'><strong>detulit</strong></span> <span class='ocrx_word' id='word_1_161' title='bbox 596 2767 770 2823; x_wconf 88' lang='lat' dir='ltr'><strong>tonsuram</strong></span> <span class='ocrx_word' id='word_1_162' title='bbox 783 2758 892 2847; x_wconf 58' lang='lat' dir='ltr'><strong>{orma</strong></span> <span class='ocrx_word' id='word_1_163' title='bbox 904 2767 939 2824; x_wconf 89' lang='lat' dir='ltr'><strong>et</strong></span> <span class='ocrx_word' id='word_1_164' title='bbox 951 2758 1054 2824; x_wconf 91' lang='lat' dir='ltr'><strong>modo</strong></span> <span class='ocrx_word' id='word_1_165' title='bbox 1066 2757 1193 2843; x_wconf 90' lang='lat' dir='ltr'><strong>quibus</strong></span> <span class='ocrx_word' id='word_1_166' title='bbox 1207 2778 1324 2843; x_wconf 84' lang='lat' dir='ltr'><strong>supra,</strong></span> <span class='ocrx_word' id='word_1_167' title='bbox 1336 2780 1418 2845; x_wconf 89' lang='lat' dir='ltr'><strong>ymo</strong></span> 
     </span>
    </p>
   </div>
   <div class='ocr_carea' id='block_1_4' title="bbox 181 2870 1529 3074">
    <p class='ocr_par' dir='ltr' id='par_1_4' title="bbox 181 2870 1529 3074">
     <span class='ocr_line' id='line_1_18' title="bbox 181 2870 1519 2958; baseline -0.001 -20"><span class='ocrx_word' id='word_1_168' title='bbox 181 2870 300 2940; x_wconf 88' lang='lat' dir='ltr'><strong>crines</strong></span> <span class='ocrx_word' id='word_1_169' title='bbox 315 2882 350 2941; x_wconf 84' lang='lat' dir='ltr'><strong>et</strong></span> <span class='ocrx_word' id='word_1_170' title='bbox 369 2870 511 2957; x_wconf 85' lang='lat' dir='ltr'>capillos</span> <span class='ocrx_word' id='word_1_171' title='bbox 531 2872 648 2958; x_wconf 81' lang='lat' dir='ltr'><strong>largos</strong></span> <span class='ocrx_word' id='word_1_172' title='bbox 667 2882 703 2939; x_wconf 93' lang='lat' dir='ltr'><strong>et</strong></span> <span class='ocrx_word' id='word_1_173' title='bbox 722 2871 846 2957; x_wconf 88' lang='lat' dir='ltr'><strong>longos</strong></span> <span class='ocrx_word' id='word_1_174' title='bbox 867 2893 978 2957; x_wconf 89' lang='lat' dir='ltr'><strong>usque</strong></span> <span class='ocrx_word' id='word_1_175' title='bbox 997 2874 1041 2938; x_wconf 85' lang='lat' dir='ltr'><strong>ad</strong></span> <span class='ocrx_word' id='word_1_176' title='bbox 1056 2874 1218 2939; x_wconf 86' lang='lat' dir='ltr'><strong>humeros</strong></span> <span class='ocrx_word' id='word_1_177' title='bbox 1233 2871 1413 2940; x_wconf 89' lang='lat' dir='ltr'><strong>inclusiue.</strong></span> <span class='ocrx_word' id='word_1_178' title='bbox 1515 2923 1519 2936; x_wconf 83' lang='grc'>,</span> 
     </span>
     <span class='ocr_line' id='line_1_19' title="bbox 182 2984 1529 3074; baseline 0 -21"><span class='ocrx_word' id='word_1_179' title='bbox 182 2988 270 3055; x_wconf 91' lang='lat' dir='ltr'><strong>Item</strong></span> <span class='ocrx_word' id='word_1_180' title='bbox 285 2996 400 3055; x_wconf 84' lang='lat' dir='ltr'><strong>vestes</strong></span> <span class='ocrx_word' id='word_1_181' title='bbox 416 2985 519 3053; x_wconf 89' lang='lat' dir='ltr'><strong>etiam</strong></span> <span class='ocrx_word' id='word_1_182' title='bbox 536 2984 685 3072; x_wconf 87' lang='lat' dir='ltr'><strong>bipartiti</strong></span> <span class='ocrx_word' id='word_1_183' title='bbox 701 2984 837 3052; x_wconf 88' lang='lat' dir='ltr'><strong>colloris</strong></span> <span class='ocrx_word' id='word_1_184' title='bbox 852 2996 1020 3067; x_wconf 59' lang='lat' dir='ltr'><strong>seneritas</strong></span> <span class='ocrx_word' id='word_1_185' title='bbox 1033 2984 1201 3054; x_wconf 89' lang='lat' dir='ltr'><strong>birretum</strong></span> <span class='ocrx_word' id='word_1_186' title='bbox 1213 2987 1415 3069; x_wconf 90' lang='lat' dir='ltr'><strong>coloratum,</strong></span> <span class='ocrx_word' id='word_1_187' title='bbox 1526 3054 1529 3074; x_wconf 45' lang='grc' dir='ltr'>Ι</span> 
     </span>
    </p>
   </div>
   <div class='ocr_carea' id='block_1_5' title="bbox 173 3099 1422 4461">
    <p class='ocr_par' dir='ltr' id='par_1_5' title="bbox 173 3099 1421 3889">
     <span class='ocr_line' id='line_1_20' title="bbox 181 3099 1418 3186; baseline -0.001 -17"><span class='ocrx_word' id='word_1_188' title='bbox 181 3124 226 3169; x_wconf 87' lang='lat' dir='ltr'><strong>ac</strong></span> <span class='ocrx_word' id='word_1_189' title='bbox 242 3122 360 3171; x_wconf 84' lang='lat' dir='ltr'><strong>ensem</strong></span> <span class='ocrx_word' id='word_1_190' title='bbox 376 3110 412 3170; x_wconf 89' lang='lat' dir='ltr'><strong>et</strong></span> <span class='ocrx_word' id='word_1_191' title='bbox 427 3100 493 3168; x_wconf 86' lang='lat' dir='ltr'><strong>alia</strong></span> <span class='ocrx_word' id='word_1_192' title='bbox 509 3124 615 3183; x_wconf 79' lang='lat' dir='ltr'><strong>arma,</strong></span> <span class='ocrx_word' id='word_1_193' title='bbox 633 3099 751 3186; x_wconf 88' lang='lat' dir='ltr'><strong>sicque</strong></span> <span class='ocrx_word' id='word_1_194' title='bbox 771 3101 911 3168; x_wconf 91' lang='lat' dir='ltr'><strong>omnino</strong></span> <span class='ocrx_word' id='word_1_195' title='bbox 930 3113 1048 3171; x_wconf 87' lang='lat' dir='ltr'><strong>vestes</strong></span> <span class='ocrx_word' id='word_1_196' title='bbox 1066 3101 1157 3170; x_wconf 78' lang='lat' dir='ltr'><strong>dicte</strong></span> <span class='ocrx_word' id='word_1_197' title='bbox 1177 3101 1418 3169; x_wconf 86' lang='lat' dir='ltr'><strong>constitutioni</strong></span> 
     </span>
     <span class='ocr_line' id='line_1_21' title="bbox 173 3216 1418 3304; baseline -0.002 -19"><span class='ocrx_word' id='word_1_198' title='bbox 173 3217 373 3285; x_wconf 71' lang='lat' dir='ltr'><strong>eontrarias</strong></span> <span class='ocrx_word' id='word_1_199' title='bbox 388 3218 512 3286; x_wconf 87' lang='lat' dir='ltr'><strong>detulit</strong></span> <span class='ocrx_word' id='word_1_200' title='bbox 528 3230 564 3286; x_wconf 93' lang='lat' dir='ltr'><strong>et</strong></span> <span class='ocrx_word' id='word_1_201' title='bbox 579 3216 682 3284; x_wconf 90' lang='lat' dir='ltr'><strong>hodie</strong></span> <span class='ocrx_word' id='word_1_202' title='bbox 698 3217 821 3285; x_wconf 81' lang='lat' dir='ltr'><strong>defert.</strong></span> <span class='ocrx_word' id='word_1_203' title='bbox 838 3219 889 3283; x_wconf 80' lang='lat' dir='ltr'><strong>Ex</strong></span> <span class='ocrx_word' id='word_1_204' title='bbox 902 3238 971 3302; x_wconf 91' lang='lat' dir='ltr'><strong>quo</strong></span> <span class='ocrx_word' id='word_1_205' title='bbox 983 3216 1139 3303; x_wconf 81' lang='lat' dir='ltr'><strong>sequitur</strong></span> <span class='ocrx_word' id='word_1_206' title='bbox 1155 3217 1313 3301; x_wconf 86' lang='lat' dir='ltr'><strong>tercium,</strong></span> <span class='ocrx_word' id='word_1_207' title='bbox 1326 3220 1418 3304; x_wconf 92' lang='lat' dir='ltr'><strong>quod</strong></span> 
     </span>
     <span class='ocr_line' id='line_1_22' title="bbox 184 3332 1418 3420; baseline 0.001 -21"><span class='ocrx_word' id='word_1_208' title='bbox 184 3333 377 3419; x_wconf 88' lang='lat' dir='ltr'><strong>predictum</strong></span> <span class='ocrx_word' id='word_1_209' title='bbox 394 3332 613 3400; x_wconf 89' lang='lat' dir='ltr'><strong>monitorium</strong></span> <span class='ocrx_word' id='word_1_210' title='bbox 631 3344 665 3401; x_wconf 89' lang='lat' dir='ltr'><strong>et</strong></span> <span class='ocrx_word' id='word_1_211' title='bbox 676 3334 833 3419; x_wconf 83' lang='lat' dir='ltr'><strong>predicta</strong></span> <span class='ocrx_word' id='word_1_212' title='bbox 849 3333 1027 3407; x_wconf 87' lang='lat' dir='ltr'><strong>inhibictio</strong></span> <span class='ocrx_word' id='word_1_213' title='bbox 1038 3344 1182 3414; x_wconf 85' lang='lat' dir='ltr'><strong>asserta,</strong></span> <span class='ocrx_word' id='word_1_214' title='bbox 1194 3356 1256 3420; x_wconf 87' lang='lat' dir='ltr'><strong>per</strong></span> <span class='ocrx_word' id='word_1_215' title='bbox 1269 3345 1418 3402; x_wconf 88' lang='lat' dir='ltr'><strong>vestram</strong></span> 
     </span>
     <span class='ocr_line' id='line_1_23' title="bbox 177 3446 1419 3535; baseline -0.002 -20"><span class='ocrx_word' id='word_1_216' title='bbox 177 3446 454 3517; x_wconf 81' lang='lat' dir='ltr'><strong>dominationem</strong></span> <span class='ocrx_word' id='word_1_217' title='bbox 469 3470 645 3529; x_wconf 85' lang='lat' dir='ltr'><strong>concessa,</strong></span> <span class='ocrx_word' id='word_1_218' title='bbox 665 3449 806 3515; x_wconf 79' lang='lat' dir='ltr'><strong>fuerunt</strong></span> <span class='ocrx_word' id='word_1_219' title='bbox 821 3457 856 3517; x_wconf 89' lang='lat' dir='ltr'><strong>et</strong></span> <span class='ocrx_word' id='word_1_220' title='bbox 872 3459 955 3516; x_wconf 89' lang='lat' dir='ltr'><strong>sunt</strong></span> <span class='ocrx_word' id='word_1_221' title='bbox 970 3448 1046 3535; x_wconf 90' lang='lat' dir='ltr'><strong>ipso</strong></span> <span class='ocrx_word' id='word_1_222' title='bbox 1052 3448 1132 3535; x_wconf 88' lang='lat' dir='ltr'><strong>jure</strong></span> <span class='ocrx_word' id='word_1_223' title='bbox 1143 3449 1249 3516; x_wconf 89' lang='lat' dir='ltr'><strong>nulla.</strong></span> <span class='ocrx_word' id='word_1_224' title='bbox 1265 3450 1355 3517; x_wconf 88' lang='lat' dir='ltr'><strong>Nam</strong></span> <span class='ocrx_word' id='word_1_225' title='bbox 1366 3461 1419 3515; x_wconf 89' lang='lat' dir='ltr'><strong>est</strong></span> 
     </span>
     <span class='ocr_line' id='line_1_24' title="bbox 185 3562 1421 3651; baseline -0.002 -20"><span class='ocrx_word' id='word_1_226' title='bbox 185 3563 305 3633; x_wconf 89' lang='lat' dir='ltr'><strong>tritum</strong></span> <span class='ocrx_word' id='word_1_227' title='bbox 321 3562 357 3629; x_wconf 94' lang='lat' dir='ltr'><strong>in</strong></span> <span class='ocrx_word' id='word_1_228' title='bbox 369 3564 461 3649; x_wconf 85' lang='lat' dir='ltr'><strong>jure,</strong></span> <span class='ocrx_word' id='word_1_229' title='bbox 480 3565 573 3650; x_wconf 92' lang='lat' dir='ltr'><strong>quod</strong></span> <span class='ocrx_word' id='word_1_230' title='bbox 588 3565 877 3650; x_wconf 84' lang='lat' dir='ltr'><strong>quandocumque</strong></span> <span class='ocrx_word' id='word_1_231' title='bbox 893 3563 1021 3648; x_wconf 87' lang='lat' dir='ltr'><strong>alliqua</strong></span> <span class='ocrx_word' id='word_1_232' title='bbox 1035 3565 1091 3631; x_wconf 82' lang='lat' dir='ltr'><strong>lex</strong></span> <span class='ocrx_word' id='word_1_233' title='bbox 1106 3565 1166 3631; x_wconf 88' lang='lat' dir='ltr'><strong>dat</strong></span> <span class='ocrx_word' id='word_1_234' title='bbox 1181 3574 1217 3633; x_wconf 88' lang='lat' dir='ltr'><strong>et</strong></span> <span class='ocrx_word' id='word_1_235' title='bbox 1231 3564 1329 3651; x_wconf 87' lang='lat' dir='ltr'><strong>ponit</strong></span> <span class='ocrx_word' id='word_1_236' title='bbox 1344 3586 1421 3631; x_wconf 89' lang='lat' dir='ltr'><strong>eer-</strong></span> 
     </span>
     <span class='ocr_line' id='line_1_25' title="bbox 185 3678 1420 3767; baseline 0.002 -21"><span class='ocrx_word' id='word_1_237' title='bbox 185 3690 260 3746; x_wconf 90' lang='lat' dir='ltr'><strong>tum</strong></span> <span class='ocrx_word' id='word_1_238' title='bbox 277 3681 418 3746; x_wconf 90' lang='lat' dir='ltr'><strong>modum</strong></span> <span class='ocrx_word' id='word_1_239' title='bbox 435 3701 497 3766; x_wconf 90' lang='lat' dir='ltr'><strong>pro</strong></span> <span class='ocrx_word' id='word_1_240' title='bbox 513 3681 620 3747; x_wconf 85' lang='lat' dir='ltr'><strong>forma</strong></span> <span class='ocrx_word' id='word_1_241' title='bbox 637 3678 744 3765; x_wconf 89' lang='lat' dir='ltr'><strong>ipsius</strong></span> <span class='ocrx_word' id='word_1_242' title='bbox 760 3678 858 3767; x_wconf 87' lang='lat' dir='ltr'><strong>legis,</strong></span> <span class='ocrx_word' id='word_1_243' title='bbox 878 3680 971 3764; x_wconf 90' lang='lat' dir='ltr'><strong>quod</strong></span> <span class='ocrx_word' id='word_1_244' title='bbox 983 3680 1013 3745; x_wconf 94' lang='lat' dir='ltr'><strong>si</strong></span> <span class='ocrx_word' id='word_1_245' title='bbox 1025 3680 1114 3748; x_wconf 82' lang='lat' dir='ltr'><strong>taliis</strong></span> <span class='ocrx_word' id='word_1_246' title='bbox 1125 3680 1249 3747; x_wconf 87' lang='lat' dir='ltr'><strong>modus</strong></span> <span class='ocrx_word' id='word_1_247' title='bbox 1260 3700 1330 3746; x_wconf 91' lang='lat' dir='ltr'><strong>non</strong></span> <span class='ocrx_word' id='word_1_248' title='bbox 1343 3683 1420 3748; x_wconf 85' lang='lat' dir='ltr'><strong>fue-</strong></span> 
     </span>
     <span class='ocr_line' id='line_1_26' title="bbox 185 3794 1143 3889; baseline 0.001 -29"><span class='ocrx_word' id='word_1_249' title='bbox 185 3794 230 3860; x_wconf 88' lang='lat' dir='ltr'><strong>rit</strong></span> <span class='ocrx_word' id='word_1_250' title='bbox 247 3796 466 3875; x_wconf 83' lang='lat' dir='ltr'><strong>obseruatus,</strong></span> <span class='ocrx_word' id='word_1_251' title='bbox 485 3804 584 3861; x_wconf 90' lang='lat' dir='ltr'><strong>actus</strong></span> <span class='ocrx_word' id='word_1_252' title='bbox 599 3794 725 3889; x_wconf 89' lang='lat' dir='ltr'><strong>dicitur</strong></span> <span class='ocrx_word' id='word_1_253' title='bbox 741 3815 817 3862; x_wconf 87' lang='lat' dir='ltr'><strong>esse</strong></span> <span class='ocrx_word' id='word_1_254' title='bbox 833 3794 909 3881; x_wconf 83' lang='lat' dir='ltr'><strong>ipso</strong></span> <span class='ocrx_word' id='word_1_255' title='bbox 920 3794 1000 3881; x_wconf 88' lang='lat' dir='ltr'><strong>jure</strong></span> <span class='ocrx_word' id='word_1_256' title='bbox 1015 3796 1143 3862; x_wconf 75' lang='lat' dir='ltr'><strong>nullus</strong></span> 
     </span>
    </p>

    <p class='ocr_par' dir='ltr' id='par_1_6' title="bbox 180 3909 1422 4461">
     <span class='ocr_line' id='line_1_27' title="bbox 180 3909 1421 4009; baseline 0 -32"><span class='ocrx_word' id='word_1_257' title='bbox 180 4002 184 4009; x_wconf 25' lang='grc' dir='ltr'><strong><em>Ι</em></strong></span> <span class='ocrx_word' id='word_1_258' title='bbox 253 3912 350 3991; x_wconf 87' lang='lat' dir='ltr'><strong>Item,</strong></span> <span class='ocrx_word' id='word_1_259' title='bbox 369 3922 422 3977; x_wconf 89' lang='lat' dir='ltr'><strong>est</strong></span> <span class='ocrx_word' id='word_1_260' title='bbox 438 3910 541 3979; x_wconf 89' lang='lat' dir='ltr'><strong>etiam</strong></span> <span class='ocrx_word' id='word_1_261' title='bbox 558 3909 623 3977; x_wconf 83' lang='lat' dir='ltr'><strong>alia</strong></span> <span class='ocrx_word' id='word_1_262' title='bbox 639 3912 783 3997; x_wconf 84' lang='lat' dir='ltr'><strong>reguila,</strong></span> <span class='ocrx_word' id='word_1_263' title='bbox 798 3912 891 3995; x_wconf 91' lang='lat' dir='ltr'><strong>quod</strong></span> <span class='ocrx_word' id='word_1_264' title='bbox 903 3909 1212 3997; x_wconf 88' lang='lat' dir='ltr'><strong>quotienscumque</strong></span> <span class='ocrx_word' id='word_1_265' title='bbox 1228 3910 1355 3998; x_wconf 87' lang='lat' dir='ltr'><strong>alliqua</strong></span> <span class='ocrx_word' id='word_1_266' title='bbox 1366 3913 1421 3978; x_wconf 86' lang='lat' dir='ltr'><strong>lex</strong></span> 
     </span>
     <span class='ocr_line' id='line_1_28' title="bbox 184 4024 1422 4113; baseline 0.002 -20"><span class='ocrx_word' id='word_1_267' title='bbox 184 4026 314 4093; x_wconf 86' lang='lat' dir='ltr'><strong>resistit</strong></span> <span class='ocrx_word' id='word_1_268' title='bbox 330 4026 422 4093; x_wconf 86' lang='lat' dir='ltr'><strong>actui</strong></span> <span class='ocrx_word' id='word_1_269' title='bbox 438 4036 473 4095; x_wconf 91' lang='lat' dir='ltr'><strong>et</strong></span> <span class='ocrx_word' id='word_1_270' title='bbox 489 4025 649 4113; x_wconf 89' lang='lat' dir='ltr'><strong>prohibet</strong></span> <span class='ocrx_word' id='word_1_271' title='bbox 664 4038 779 4093; x_wconf 89' lang='lat' dir='ltr'><strong>actum</strong></span> <span class='ocrx_word' id='word_1_272' title='bbox 795 4026 884 4109; x_wconf 89' lang='lat' dir='ltr'><strong>fieri,</strong></span> <span class='ocrx_word' id='word_1_273' title='bbox 902 4028 995 4113; x_wconf 92' lang='lat' dir='ltr'><strong>quod</strong></span> <span class='ocrx_word' id='word_1_274' title='bbox 1011 4024 1041 4093; x_wconf 91' lang='lat' dir='ltr'><strong>si</strong></span> <span class='ocrx_word' id='word_1_275' title='bbox 1056 4026 1117 4093; x_wconf 86' lang='lat' dir='ltr'><strong>fiat</strong></span> <span class='ocrx_word' id='word_1_276' title='bbox 1128 4026 1208 4113; x_wconf 86' lang='lat' dir='ltr'><strong>lege</strong></span> <span class='ocrx_word' id='word_1_277' title='bbox 1217 4026 1422 4113; x_wconf 89' lang='lat' dir='ltr'><strong>prohibente</strong></span> 
     </span>
     <span class='ocr_line' id='line_1_29' title="bbox 186 4140 1421 4230; baseline 0 -22"><span class='ocrx_word' id='word_1_278' title='bbox 186 4140 404 4223; x_wconf 66' lang='lat' dir='ltr'><strong>tolosanus,</strong></span> <span class='ocrx_word' id='word_1_279' title='bbox 422 4142 551 4209; x_wconf 92' lang='lat' dir='ltr'><strong>dicitur</strong></span> <span class='ocrx_word' id='word_1_280' title='bbox 566 4164 642 4211; x_wconf 87' lang='lat' dir='ltr'><strong>esse</strong></span> <span class='ocrx_word' id='word_1_281' title='bbox 658 4142 732 4228; x_wconf 90' lang='lat' dir='ltr'><strong>ipso</strong></span> <span class='ocrx_word' id='word_1_282' title='bbox 748 4142 827 4228; x_wconf 85' lang='lat' dir='ltr'><strong>jure</strong></span> <span class='ocrx_word' id='word_1_283' title='bbox 849 4142 972 4209; x_wconf 78' lang='lat' dir='ltr'><strong>nullus</strong></span> <span class='ocrx_word' id='word_1_284' title='bbox 996 4144 1040 4209; x_wconf 90' lang='lat' dir='ltr'><strong>Et</strong></span> <span class='ocrx_word' id='word_1_285' title='bbox 1059 4141 1111 4209; x_wconf 88' lang='lat' dir='ltr'><strong>sic</strong></span> <span class='ocrx_word' id='word_1_286' title='bbox 1129 4164 1210 4209; x_wconf 87' lang='lat' dir='ltr'><strong>curn</strong></span> <span class='ocrx_word' id='word_1_287' title='bbox 1228 4142 1421 4230; x_wconf 82' lang='lat' dir='ltr'><strong>predictum</strong></span> 
     </span>
     <span class='ocr_line' id='line_1_30' title="bbox 184 4254 1422 4345; baseline 0.002 -24"><span class='ocrx_word' id='word_1_288' title='bbox 184 4254 408 4323; x_wconf 88' lang='lat' dir='ltr'><strong>monitorium</strong></span> <span class='ocrx_word' id='word_1_289' title='bbox 424 4268 460 4327; x_wconf 89' lang='lat' dir='ltr'><strong>et</strong></span> <span class='ocrx_word' id='word_1_290' title='bbox 475 4256 629 4343; x_wconf 88' lang='lat' dir='ltr'><strong>predicta</strong></span> <span class='ocrx_word' id='word_1_291' title='bbox 646 4256 805 4325; x_wconf 92' lang='lat' dir='ltr'><strong>inhibitio</strong></span> <span class='ocrx_word' id='word_1_292' title='bbox 820 4258 962 4341; x_wconf 84' lang='lat' dir='ltr'><strong>suerunt</strong></span> <span class='ocrx_word' id='word_1_293' title='bbox 977 4278 1040 4345; x_wconf 88' lang='lat' dir='ltr'><strong>per</strong></span> <span class='ocrx_word' id='word_1_294' title='bbox 1055 4267 1205 4325; x_wconf 86' lang='lat' dir='ltr'><strong>vestram</strong></span> <span class='ocrx_word' id='word_1_295' title='bbox 1216 4258 1422 4327; x_wconf 88' lang='lat' dir='ltr'><strong>dominatio-</strong></span> 
     </span>
     <span class='ocr_line' id='line_1_31' title="bbox 185 4366 1422 4461; baseline 0.001 -22"><span class='ocrx_word' id='word_1_296' title='bbox 185 4392 267 4440; x_wconf 89' lang='lat' dir='ltr'><strong>nem</strong></span> <span class='ocrx_word' id='word_1_297' title='bbox 286 4393 452 4440; x_wconf 84' lang='lat' dir='ltr'><strong>concessa</strong></span> <span class='ocrx_word' id='word_1_298' title='bbox 472 4366 498 4455; x_wconf 60' lang='grc' dir='ltr'><strong>ἔ,</strong></span> <span class='ocrx_word' id='word_1_299' title='bbox 521 4393 591 4439; x_wconf 92' lang='lat' dir='ltr'><strong>non</strong></span> <span class='ocrx_word' id='word_1_300' title='bbox 612 4374 795 4441; x_wconf 86' lang='lat' dir='ltr'><strong>obseruata</strong></span> <span class='ocrx_word' id='word_1_301' title='bbox 810 4366 920 4442; x_wconf 80' lang='lat' dir='ltr'><strong>forma</strong></span> <span class='ocrx_word' id='word_1_302' title='bbox 935 4373 1036 4460; x_wconf 85' lang='lat' dir='ltr'><strong>legis,</strong></span> <span class='ocrx_word' id='word_1_303' title='bbox 1054 4372 1215 4443; x_wconf 83' lang='lat' dir='ltr'><strong>videlicet</strong></span> <span class='ocrx_word' id='word_1_304' title='bbox 1235 4374 1331 4461; x_wconf 88' lang='lat' dir='ltr'><strong>prius</strong></span> <span class='ocrx_word' id='word_1_305' title='bbox 1353 4397 1422 4440; x_wconf 87' lang='lat' dir='ltr'><strong>non</strong></span> 
     </span>
    </p>
   </div>
   <div class='ocr_carea' id='block_1_6' title="bbox 177 4521 1425 4796">
    <p class='ocr_par' dir='ltr' id='par_1_7' title="bbox 177 4521 1425 4796">
     <span class='ocr_line' id='line_1_32' title="bbox 240 4521 1423 4635; baseline -0.001 -20"><span class='ocrx_word' id='word_1_306' title='bbox 240 4572 253 4602; x_wconf 58' lang='grc' dir='ltr'><strong>θ</strong></span> <span class='ocrx_word' id='word_1_307' title='bbox 291 4559 436 4631; x_wconf 81' lang='lat' dir='ltr'><strong>Sequitur</strong></span> <span class='ocrx_word' id='word_1_308' title='bbox 457 4560 566 4633; x_wconf 73' lang='lat' dir='ltr'><strong>quinta</strong></span> <span class='ocrx_word' id='word_1_309' title='bbox 585 4561 720 4635; x_wconf 75' lang='lat' dir='ltr'><strong>pagina.</strong></span> <span class='ocrx_word' id='word_1_310' title='bbox 758 4562 807 4606; x_wconf 85' lang='lat' dir='ltr'><strong>-d</strong></span> <span class='ocrx_word' id='word_1_311' title='bbox 827 4561 946 4617; x_wconf 77' lang='lat' dir='ltr'><strong>Attrita</strong></span> <span class='ocrx_word' id='word_1_312' title='bbox 962 4565 1006 4617; x_wconf 79' lang='lat' dir='ltr'><strong>est</strong></span> <span class='ocrx_word' id='word_1_313' title='bbox 1022 4561 1140 4617; x_wconf 74' lang='lat' dir='ltr'><strong>charta.</strong></span> <span class='ocrx_word' id='word_1_314' title='bbox 1177 4574 1227 4605; x_wconf 69' lang='lat' dir='ltr'><strong>—e</strong></span> <span class='ocrx_word' id='word_1_315' title='bbox 1246 4521 1363 4617; x_wconf 64' lang='lat' dir='ltr'><strong>Attrita</strong></span> <span class='ocrx_word' id='word_1_316' title='bbox 1381 4567 1423 4615; x_wconf 81' lang='lat' dir='ltr'><strong>est</strong></span> 
     </span>
     <span class='ocr_line' id='line_1_33' title="bbox 177 4648 1425 4723; baseline 0.002 -19"><span class='ocrx_word' id='word_1_317' title='bbox 177 4648 305 4704; x_wconf 61' lang='lat' dir='ltr'><strong>diario.</strong></span> <span class='ocrx_word' id='word_1_318' title='bbox 344 4650 391 4692; x_wconf 76' lang='lat' dir='ltr'><strong>-s</strong></span> <span class='ocrx_word' id='word_1_319' title='bbox 406 4651 501 4723; x_wconf 82' lang='lat' dir='ltr'><strong>scepti</strong></span> <span class='ocrx_word' id='word_1_320' title='bbox 514 4668 574 4705; x_wconf 85' lang='lat' dir='ltr'><strong>ms.</strong></span> <span class='ocrx_word' id='word_1_321' title='bbox 614 4664 667 4705; x_wconf 72' lang='lat' dir='ltr'><strong>-r</strong></span> <span class='ocrx_word' id='word_1_322' title='bbox 684 4649 820 4707; x_wconf 87' lang='lat' dir='ltr'><strong>inhibitio</strong></span> <span class='ocrx_word' id='word_1_323' title='bbox 833 4648 889 4707; x_wconf 79' lang='lat' dir='ltr'><strong>tuit</strong></span> <span class='ocrx_word' id='word_1_324' title='bbox 902 4668 955 4723; x_wconf 86' lang='lat' dir='ltr'><strong>per</strong></span> <span class='ocrx_word' id='word_1_325' title='bbox 967 4658 1099 4706; x_wconf 78' lang='lat' dir='ltr'><strong>vestrm</strong></span> <span class='ocrx_word' id='word_1_326' title='bbox 1110 4648 1343 4706; x_wconf 80' lang='lat' dir='ltr'><strong>dominationem</strong></span> <span class='ocrx_word' id='word_1_327' title='bbox 1356 4666 1425 4706; x_wconf 87' lang='lat' dir='ltr'><strong>oon·</strong></span> 
     </span>
     <span class='ocr_line' id='line_1_34' title="bbox 182 4752 353 4796; baseline -0.006 0"><span class='ocrx_word' id='word_1_328' title='bbox 182 4752 274 4796; x_wconf 78' lang='lat' dir='ltr'><strong>cesse</strong></span> <span class='ocrx_word' id='word_1_329' title='bbox 293 4756 353 4795; x_wconf 87' lang='lat' dir='ltr'><strong>ms.</strong></span> 
     </span>
    </p>
   </div>
   <div class='ocr_carea' id='block_1_7' title="bbox 0 0 1768 5367">
    <p class='ocr_par' dir='ltr' id='par_1_8' title="bbox 0 0 1768 5367">
     <span class='ocr_line' id='line_1_35' title="bbox 0 0 1768 5367; baseline 0 0"><span class='ocrx_word' id='word_1_330' title='bbox 0 0 1768 5367; x_wconf 95' lang='lat' dir='ltr'><strong> </strong></span> 
     </span>
    </p>
   </div>
  </div>
 </body>
</html>
