3500 5367
389 486 571 541 Drcrnurun
591 484 622 543 S.
643 484 764 540 louarrr
783 501 804 540 n
823 484 856 538 Ρ.
878 485 1033 540 Lnucrcro
1051 496 1221 540 correers
1333 498 1387 554 499

173 640 363 707 docuerat.
383 638 472 705 Cum
495 636 639 704 enimin
660 646 753 703 statu
769 646 894 704 veneto
916 646 996 702 ante
1012 635 1189 703 fundatam
1211 635 1422 705 Societatem

178 753 270 820 socii
291 754 452 820 iuuandis
473 752 652 819 animabus
672 751 922 831 incumberent,
944 751 1001 819 illa
1021 753 1247 832 hebdomada,
1270 774 1338 839 qua
1362 775 1425 839 per

184 868 282 937 uices
305 868 362 936 ille
389 868 424 934 in
450 868 591 955 tugurio
614 868 812 935 remanebat
839 867 940 933 sociis
968 888 1119 952 coquens
1135 867 1242 947 cibos
1265 866 1422 935 omnium

174 984 315 1072 optime
331 996 365 1052 ct
380 984 596 1071 sapidissime
612 985 783 1069 coquebat
799 994 833 1049 et
853 984 1047 1064 condiebat,
1066 984 1222 1068 quamvis
1239 982 1324 1070 ipse,
1338 985 1420 1050 dum

180 1112 280 1168 esset
295 1102 408 1167 factus
431 1098 649 1186 praepositus
669 1099 853 1185 generalis,
872 1101 916 1167 de
936 1098 1021 1165 cibis
1042 1100 1105 1165 soli
1120 1099 1186 1165 sibi
1202 1099 1313 1167 allatis
1335 1101 1424 1166 male

176 1216 336 1285 conditis
357 1238 532 1301 nunquam
562 1214 606 1281 sit
626 1226 848 1300 conquestus,
872 1237 1049 1299 nunquam
1071 1237 1131 1283 eos
1151 1215 1332 1302 respuerit,
1355 1216 1425 1282 imo

176 1354 250 1399 eos
265 1333 518 1418 reprehendere
530 1330 652 1398 solitus
668 1330 782 1411 fuerit,
798 1330 858 1416 qui
874 1343 885 1369 ²
901 1332 944 1399 de
956 1330 1122 1411 ciborum,
1137 1352 1200 1416 pro
1215 1331 1321 1397 solius
1334 1331 1426 1398 illius

180 1470 256 1515 usu
274 1448 468 1529 allatorum,
487 1448 576 1513 mala
591 1443 811 1537 [conditione]
828 1458 1065 1531 quererentur.

258 1564 445 1649 Nunquam
466 1564 628 1629 credebat
649 1561 738 1642 aliis,
762 1562 843 1628 dum
872 1561 1064 1648 quempiam
1094 1574 1317 1644 accusarent,
1347 1560 1426 1642 nisi,

179 1678 312 1747 audito
327 1689 504 1759 accusato,
522 1677 711 1746 inuenisset
727 1699 809 1746 uere
825 1700 933 1746 reum.
949 1680 1003 1746 Ne
1020 1691 1132 1745 autern
1149 1678 1387 1745 accusationes
1408 1701 1429 1745 a

190 1794 341 1862 ueritate
361 1795 596 1874 deflecterent,
625 1792 753 1880 scripto
773 1815 832 1859 eas
852 1795 1120 1879 comprehensas
1136 1792 1200 1859 sibi
1223 1792 1310 1859 tradi
1332 1794 1428 1861 uole-

189 1912 266 1978 bat:
298 1922 370 1976 tum
399 1910 536 1975 demum
565 1910 754 1977 advocabat
781 1922 995 1992 accusatum,
1020 1921 1055 1976 et
1075 1933 1118 1977 an
1139 1910 1173 1975 id
1195 1921 1286 1976 esset
1305 1931 1429 1979 uerum

183 2025 404 2112 inquirebat,
435 2038 468 2093 et
496 2035 687 2111 opportuna
715 2025 901 2093 adhibebat
929 2026 1090 2105 remedia,
1122 2026 1169 2092 nil
1199 2026 1428 2094 incorrectum

187 2140 393 2226 relinquens
410 2141 443 2207 in
461 2140 513 2221 iis,
532 2142 575 2207 de
591 2162 736 2225 quorum
754 2140 992 2208 emendatione
1011 2162 1090 2227 spes
1110 2152 1194 2223 erat3
1218 2142 1309 2208 solos
1330 2140 1430 2208 incu-

189 2256 322 2324 rabiles
338 2268 372 2322 et
388 2257 431 2323 ad
448 2255 678 2323 dimissionem
695 2254 884 2322 destinatos
900 2258 1105 2341 quandoque
1121 2256 1195 2325 sine
1216 2256 1430 2324 correctione

186 2372 407 2458 relinquens,
427 2395 470 2439 ne
488 2372 613 2438 frustra
629 2372 810 2438 laboraret.

262 2488 333 2556 Sed
360 2489 454 2553 hunc
481 2485 657 2554 charitatis
686 2489 846 2554 affectum
880 2487 1026 2555 maxime
1053 2490 1265 2556 demonstrat
1296 2488 1429 2567 miram,

183 2626 299 2690 *quarn
323 2604 485 2686 habebat,
507 2625 623 2669 curam
650 2602 807 2669 sanitatis
827 2624 981 2685 suorum,
1006 2615 1076 2669 tum
1106 2628 1150 2671 ne
1177 2604 1251 2671 sani
1278 2604 1312 2669 in
1339 2626 1431 2670 mor—

192 2722 280 2785 bum
297 2730 311 2758 ²
327 2718 530 2798 inciderent,
554 2731 626 2785 tum
651 2730 687 2783 ut
710 2730 913 2785 sanarentur
934 2718 1070 2800 infirmi,
1094 2719 1250 2805 ideoque,
1272 2721 1431 2806 quamuis

195 2856 377 2902 romanum
395 2834 578 2919 collegium
595 2834 670 2901 eius
686 2845 838 2921 tempore
855 2835 957 2900 ualde
971 2853 1062 2901 esset
1079 2827 1313 2915 nrimerosum,
1328 2835 1431 2902 raris-

194 2950 297 3030 sime,
320 2962 354 3017 et
377 2972 447 3017 non
468 2950 532 3015 nisi
560 2948 745 3030 leuissinre,
775 2944 1046 3017 infirmabantur.
1076 2952 1129 3017 Ne
1156 2961 1272 3017 autem
1299 2949 1433 3016 incuria

186 3066 467 3133 domesticorum
485 3064 525 3133 iis
541 3064 669 3150 aliquid
685 3067 832 3148 deesset,
856 3041 1008 3151 quotidie
1031 3066 1213 3133 iubebatur
1233 3076 1368 3151 emptor
1390 3066 1433 3130 ad

197 3182 313 3268 ipsum
330 3184 494 3249 accedere
509 3181 609 3267 eique
625 3178 820 3267 significare
836 3202 919 3247 num
931 3174 1045 3247 omnia
1057 3180 1262 3268 prouidisset
1274 3180 1431 3261 infirmis,

196 3319 290 3382 quae
310 3296 517 3363 infirmarius
537 3296 709 3382 exigebat.
731 3297 836 3381 Quod
856 3296 886 3362 si
906 3296 1041 3364 deesset
1063 3296 1208 3382 pecunia
1230 3319 1292 3382 pro
1312 3318 1434 3365 neces-

186 3412 297 3481 sariis
317 3411 482 3491 emendis
502 3433 584 3479 uasa
605 3421 748 3479 stannea
767 3411 909 3478 iubebat
929 3411 1045 3480 uendi:
1068 3411 1109 3477 iis
1130 3433 1212 3479 uero
1233 3412 1433 3487 diuenditis,

195 3530 366 3595 lectorum
382 3538 594 3613 tegumenta,
609 3527 652 3593 ad
663 3548 825 3594 sanorum
844 3548 943 3593 usum
956 3527 1138 3607 destinata,
1152 3526 1304 3594 sortibus
1321 3526 1433 3605 iactis,

195 3642 305 3711 uendi
325 3644 479 3708 curabat.
827 3620 830 3626 ¹

268 3758 467 3843 Quamlibet
494 3757 585 3824 circa
606 3778 723 3824 curam
745 3757 956 3825 infirmorum
987 3758 1233 3845 negligentiam
1255 3758 1433 3845 puniebat,

197 3896 264 3941 nec
292 3872 356 3960 ipsi
385 3872 540 3940 ministro
567 3874 742 3959 parcebat,
772 3867 802 3939 si
828 3873 1030 3959 contigisset
1056 3874 1184 3959 aliquid
1210 3874 1284 3942 eius
1305 3875 1438 3941 incuria

196 3990 400 4076 neglectum
417 4011 479 4075 pro
495 3987 616 4055 solatio
637 3988 863 4069 infirmorum,
884 3990 938 4056 uel
955 3988 982 4055 si
1000 3988 1029 4055 is
1044 3989 1076 4057 ei
1097 4012 1167 4054 non
1188 3989 1302 4055 statim
1324 3989 1434 4076 signi-

178 4104 339 4172 'ficasset
370 4126 453 4169 num
486 4102 608 4189 aliquis
639 4105 726 4171 male
759 4106 872 4170 ualere
909 4104 1233 4191 coepisset.·Vnde
1265 4106 1437 4190 quendam

199 4222 242 4286 P.
269 4221 498 4299 Bernardum,
522 4219 714 4285 ministrum
741 4222 776 4299 ¹³,
802 4232 902 4286 nocte
923 4220 1126 4307 intempesta
1143 4222 1245 4286 domo
1269 4222 1439 4308 expellere

254 4394 265 4421 ι
304 4386 367 4433 tum
381 4396 436 4433 ms.
475 4396 524 4423 ..a
544 4379 701 4455 [terantur
715 4381 804 4435 verba
820 4380 849 4435 in
863 4382 1008 4435 morbum.

258 4522 278 4557 ¹³
315 4523 385 4577 Erat
398 4524 423 4577 is
437 4522 470 4579 P.
482 4522 822 4595 BernardusOliveriuS,
834 4523 940 4597 dequo
952 4524 1030 4578 haud
1043 4526 1135 4580 semel
1149 4542 1217 4579 cum
1231 4524 1317 4580 laude
1327 4524 1440 4579 dictum

186 4623 258 4668 est.
286 4612 361 4666 Rem
384 4630 466 4683 vero,
489 4612 526 4668 de
549 4632 606 4685 qua
629 4614 676 4669 hic
698 4614 806 4685 agitur,
831 4614 951 4669 uberius
973 4614 1102 4686 explicat
1125 4614 1315 4682 Merrroriale,
1338 4634 1368 4671 n.
1393 4612 1441 4684 31,

200 4719 275 4775 aas·
294 4704 353 4771 1⁶7·
