3500 5367
403 488 455 544 594
619 497 624 507 ·
782 472 991 528 Monuuenre
1009 472 1190 527 quernae

366 636 493 695 center.
515 628 551 691 ln
569 646 638 710 qua
649 622 896 691 constitutione
908 624 1103 692 declaratur
1115 624 1224 691 forma
1236 636 1407 705 tonssure,
1425 623 1574 702 videlioet,

367 744 457 827 quod
474 752 617 809 tonsura
631 740 755 807 debeat
771 760 848 807 esse
864 749 900 809 et
915 737 959 805 sit
975 739 1223 826 magnitudinis
1238 740 1340 805 vnius
1355 739 1471 827 duple,
1487 760 1529 804 vu
1540 760 1576 803 σο

367 880 433 924 vna
461 858 558 942 tarja,
584 868 619 925 et
647 856 739 942 quod
766 854 937 922 desserant
961 853 1074 922 crines
1096 856 1233 943 lo'ngos,
1259 854 1405 937 scilicet,
1423 856 1576 940 usquead

366 996 483 1041 aurem
511 974 702 1051 dumtaxat,
724 971 843 1057 sicque
863 971 957 1038 auris
978 973 1036 1039 uel
1051 994 1129 1058 pars
1150 970 1226 1041 eius
1241 982 1380 1057 apareat
1400 982 1436 1037 et
1454 992 1576 1057 aparere

366 1102 399 1158 et
414 1088 522 1155 videri
539 1087 647 1175 possit
662 1088 707 1154 ab
722 1086 932 1154 hominibus.
952 1089 1035 1155 Item
1052 1086 1144 1154 circa
1159 1088 1300 1154 modum
1316 1097 1351 1154 et
1373 1069 1511 1154 foimam
1524 1106 1577 1172 ge-

365 1206 462 1273 rendi
479 1217 593 1271 vestes
609 1203 713 1271 etiam
729 1202 763 1268 in
777 1203 897 1271 eadem
913 1202 1161 1270 constitutione
1176 1204 1327 1291 ponitur,
1345 1204 1487 1284 scilicet,
1500 1205 1576 1288 quod

206 1396 209 1405 ¹
287 1332 289 1337 '
365 1320 492 1400 elerici,
512 1322 679 1387 vollentes
700 1319 852 1405 gaudere
872 1318 1068 1405 priuillegio
1087 1318 1261 1402 clericalli,
1279 1320 1449 1388 desserant
1468 1329 1502 1387 et
1526 1320 1575 1385 ha·

364 1440 468 1504 beant
491 1436 640 1505 defferre
661 1433 816 1502 habitu-m
843 1436 1024 1503 decentem
1044 1445 1080 1502 et
1099 1445 1349 1522 congruentem
1369 1434 1477 1503 ordini
1495 1435 1575 1525 cleri·

364 1552 452 1632 calli,
484 1551 643 1620 videlicet
670 1552 777 1636 vulgo
804 1551 883 1617 loba
906 1550 1040 1617 ubierta
1055 1563 1087 1631 t,
1115 1550 1182 1618 nisi
1209 1552 1348 1636 quando
1376 1550 1500 1619 fuerint
1524 1550 1575 1617 iter

363 1667 542 1755 arrepturi;
559 1688 637 1733 narn
650 1667 756 1734 uerba
769 1663 860 1732 dicte
872 1664 1128 1733 constitutionis
1139 1665 1326 1751 disponunt
1338 1688 1400 1753 per
1410 1669 1475 1735 hec
1486 1668 1575 1733 uerba

362 1785 453 1852 circa
469 1795 583 1851 vestes
599 1781 801 1851 clericorum
819 1781 895 1852 siue
910 1780 1104 1869 priuillegio
1120 1782 1281 1849 clericalli
1297 1783 1451 1870 gaudere
1461 1783 1573 1850 vollen·

364 1901 460 1981 tium;
479 1911 513 1965 et
531 1896 700 1985 incipiunt
716 1899 823 1966 uerba
843 1897 879 1963 in
896 1901 989 1964 hunc
1010 1897 1162 1979 modum,
1180 1897 1354 1968 videlicet:
1376 1900 1425 1965 «E
1439 1900 1471 1965 la
1486 1896 1574 1964 vesti·

363 2017 449 2109 dufa
464 2022 484 2080 ό
502 2015 620 2079 habito
639 2010 785 2083 decente
800 2034 889 2093 ssea,
912 2034 980 2099 que
997 2012 1131 2100 traigan
1152 2013 1448 2095 continuamente,
1464 2034 1574 2098 excep

363 2132 493 2198 tuando
521 2154 564 2198 en
590 2129 642 2195 los
669 2127 833 2209 caminos
862 2128 955 2208 loba,
979 2134 1144 2209 omento,
1168 2135 1190 2195 o
1212 2151 1333 2216 capua,
1356 2136 1379 2197 ό
1401 2130 1573 2207 tabardod

363 2246 556 2333 gubardino
571 2245 713 2310 cerrado
729 2250 750 2309 6
765 2242 898 2310 obierto
913 2257 937 2324 ¹,
955 2265 976 2310 e
993 2256 1051 2311 tan
1067 2246 1164 2331 larga
1180 2267 1247 2331 que
1263 2265 1329 2313 con
1345 2249 1428 2312 hum
1449 2246 1572 2333 palmet

362 2374 485 2448 quatro
511 2362 618 2429 dedus
645 2368 718 2427 mas
746 2360 859 2446 pueda
885 2360 994 2446 llegar
1014 2360 1045 2427 al
1065 2361 1191 2443 suello;
1214 2366 1234 2427 e
1261 2382 1330 2449 que
1345 2364 1381 2430 la
1401 2361 1447 2428 tal
1462 2361 1573 2439 loba,o

361 2490 491 2556 manto,
510 2484 531 2544 ό
558 2498 680 2563 capuz,
699 2482 720 2541 6
748 2477 943 2557 ta·bardo,d
970 2475 1173 2563 gabardino,
1195 2499 1241 2543 no
1256 2499 1334 2545 ssea
1354 2478 1528 2554 collorado,
1542 2474 1573 2539 ni

362 2596 450 2673 azul,
470 2594 505 2659 ni
522 2594 639 2675 verde,
658 2592 694 2658 ni
709 2590 825 2680 clar[o]
845 2606 870 2673 ¹,
890 2592 923 2657 ni
945 2592 1224 2673 amari110,nide
1244 2605 1321 2661 otro
1336 2594 1444 2661 collor
1464 2594 1572 2659 desho-

362 2722 458 2777 nesto
474 2709 501 2788 l³;
519 2716 540 2775 e
557 2730 624 2793 que
640 2729 687 2774 no
699 2729 775 2775 ssea
787 2708 954 2788 brodado,
969 2707 1096 2793 reyado
1108 2708 1142 2775 ni
1159 2710 1400 2791 entretallado;
1414 2709 1448 2776 ni
1460 2708 1571 2793 traigru

361 2826 472 2911 calcas
488 2826 524 2891 ni
541 2826 669 2891 bonete
685 2824 859 2891 collorado
875 2844 919 2890 en
936 2824 1106 2909 publico»
1127 2826 1217 2892 Ecce
1232 2846 1318 2912 ergo
1334 2822 1572 2911 quallitercirca

357 2942 498 3009 'modum
515 2953 551 3007 et
568 2941 709 3006 formam
726 2939 874 3006 vestium
891 2937 1092 3016 constitutio
1108 2939 1270 3026 disponit.

429 3058 471 3122 Et
488 3056 707 3142 postmodum
728 3054 764 3120 in
787 3055 911 3123 eadem
933 3054 1180 3124 constitutione
1199 3056 1429 3125 subnectitur:
1451 3053 1570 3141 quodsi

360 3172 525 3257 predicta,
552 3182 590 3237 ut
611 3170 742 3237 dictum
764 3180 831 3252 est,
849 3192 919 3235 non
941 3170 1084 3237 fecerint
1105 3183 1140 3239 et
1161 3170 1300 3239 minime
1320 3169 1568 3245 obseruauerint,

360 3288 452 3373 quod
470 3289 566 3367 tales,
586 3287 774 3373 allegantes
789 3308 845 3353 sse
860 3306 938 3356 esse
953 3285 1111 3369 clericos,
1130 3288 1344 3355 nullomodo
1366 3289 1510 3355 habeant
1529 3282 1569 3349 uel

359 3404 507 3469 debeant
524 3400 677 3485 gaudere
690 3400 885 3488 priuillegio
900 3399 1061 3470 clericalli
1077 3424 1118 3469 ac
1134 3402 1163 3470 si
1179 3425 1368 3490 numquam
1379 3402 1512 3470 ordines
1523 3398 1568 3466 ali

360 3540 449 3603 quos
467 3517 696 3602 perceperint.

428 3633 470 3699 Et
497 3648 616 3720 postea
643 3632 676 3697 in
706 3612 826 3701 eadem
854 3634 1105 3702 constitutione
1131 3633 1356 3721 subjungitur
1383 3634 1478 3721 quasi
1498 3629 1568 3698 circa

358 3751 474 3817 {finem
491 3771 552 3835 per
568 3751 632 3817 lrec
648 3750 767 3831 uerba,
786 3748 930 3817 scilicet:
951 3752 1003 3817 «Υ
1023 3772 1085 3837 por
1101 3749 1150 3817 las
1166 3761 1345 3836 presentes
1359 3710 1569 3829 exoramoiy

358 3885 584 3951 encargamos
600 3864 632 3930 al
649 3862 753 3929 dicho
769 3864 837 3930 don
849 3867 962 3953 Johan
979 3867 1022 3933 de
1037 3866 1145 3934 Santa
1162 3868 1282 3943 Maria,
1305 3866 1441 3947 official,
1458 3861 1568 3950 equale

358 3980 527 4065 lesquiere
545 3990 639 4045 otros
655 3977 866 4047 officiallese
887 3980 1033 4048 vicarios
1048 3982 1239 4067 generalles
1259 3981 1314 4050 del
1339 3980 1441 4048 dicho
1458 3977 1566 4063 obispo,

357 4118 424 4181 que
440 4096 471 4161 al
492 4105 651 4181 presente
669 4115 732 4160 son
745 4098 765 4159 d
778 4116 839 4180 por
853 4093 981 4182 tiempo
993 4101 1093 4165 seran
1104 4119 1148 4164 en
1164 4097 1197 4163 la
1209 4096 1314 4164 dicha
1325 4096 1442 4164 cindat
1451 4106 1484 4164 et
1494 4090 1580 4165 obis.

357 4211 445 4298 pado
457 4212 500 4276 de
514 4210 714 4294 Pamplona,
730 4230 798 4295 que
814 4209 843 4277 si
854 4211 967 4279 dende
980 4234 1023 4280 en
1035 4212 1194 4281 adelante
1209 4212 1354 4299 algun0,
1367 4212 1565 4280 uamandose

356 4326 488 4412 clerigo
504 4324 546 4390 de
563 4344 703 4405 corona,
722 4346 767 4391 no
784 4327 908 4393 stando
929 4326 1056 4413 scripto
1077 4330 1096 4394 e
1117 4328 1356 4395 matricullado
1376 4352 1419 4398 en
1438 4329 1468 4393 el
1485 4323 1565 4390 dicho

358 4456 556 4469 .......--—-

410 4478 438 4567 y,
460 4512 742 4584 Stc,·legeabierta.
779 4530 826 4557 -τ
846 4512 909 4581 Sic;
925 4514 1130 4587 legeabierto.
1168 4533 1217 4560 -α
1238 4516 1346 4572 Exstat
1357 4518 1411 4573 hoc
1423 4514 1530 4571 verbum
1540 4506 1564 4559 ft

350 4602 416 4675 fine
428 4619 534 4656 versus
547 4606 576 4657 et
588 4600 757 4675 difficulter
769 4602 893 4676 legitur.
934 4603 984 4647 -b
1005 4603 1102 4657 Prius
1114 4605 1262 4677 scriptum
1269 4604 1392 4676 suerat:
1404 4603 1566 4661 demeu-

357 4698 469 4748 mente:
485 4692 544 4755 sal,
559 4691 666 4747 deletis
674 4691 792 4747 duabus
803 4692 966 4763 postremis
978 4690 1113 4763 syllabis,
1127 4696 1276 4749 remansit
1288 4692 1475 4754 deshonesta.
