<?xml version="1.0" encoding="UTF-8"?>
<!DOCTYPE html PUBLIC "-//W3C//DTD XHTML 1.0 Transitional//EN"
    "http://www.w3.org/TR/xhtml1/DTD/xhtml1-transitional.dtd">
<html xmlns="http://www.w3.org/1999/xhtml" xml:lang="en" lang="en">
 <head>
  <title>
</title>
<meta http-equiv="Content-Type" content="text/html;charset=utf-8" />
  <meta name='ocr-system' content='tesseract 3.04.00' />
  <meta name='ocr-capabilities' content='ocr_page ocr_carea ocr_par ocr_line ocrx_word'/>
</head>
<body>
  <div class='ocr_page' id='page_1' title='image "./monumentaignati00ignagoog/monumentaignati00ignagoog_0354.png"; bbox 0 0 3500 5367; ppageno 0'>
   <div class='ocr_carea' id='block_1_1' title="bbox 369 361 1155 434">
    <p class='ocr_par' dir='ltr' id='par_1_1' title="bbox 369 361 1155 434">
     <span class='ocr_line' id='line_1_1' title="bbox 369 361 1155 434; baseline -0.006 -15"><span class='ocrx_word' id='word_1_1' title='bbox 369 362 421 434; x_wconf 77' lang='lat'>344</span> <span class='ocrx_word' id='word_1_2' title='bbox 749 362 955 419; x_wconf 76' lang='lat' dir='ltr'>ltouurtaura</span> <span class='ocrx_word' id='word_1_3' title='bbox 975 361 1155 416; x_wconf 67' lang='lat' dir='ltr'>Ianuarius</span> 
     </span>
    </p>
   </div>
   <div class='ocr_carea' id='block_1_2' title="bbox 335 477 1676 595">
    <p class='ocr_par' dir='ltr' id='par_1_2' title="bbox 335 477 1676 595">
     <span class='ocr_line' id='line_1_2' title="bbox 335 477 1676 595; baseline -0.01 -14"><span class='ocrx_word' id='word_1_4' title='bbox 335 527 415 582; x_wconf 88' lang='lat' dir='ltr'>tuus</span> <span class='ocrx_word' id='word_1_5' title='bbox 431 515 698 583; x_wconf 86' lang='lat' dir='ltr'>consideremus:</span> <span class='ocrx_word' id='word_1_6' title='bbox 716 536 796 581; x_wconf 88' lang='lat' dir='ltr'>nam</span> <span class='ocrx_word' id='word_1_7' title='bbox 813 513 898 581; x_wconf 92' lang='lat' dir='ltr'>obiit</span> <span class='ocrx_word' id='word_1_8' title='bbox 917 535 1008 581; x_wconf 89' lang='lat' dir='ltr'>anno</span> <span class='ocrx_word' id='word_1_9' title='bbox 1030 509 1172 580; x_wconf 87' lang='lat' dir='ltr'>Domini</span> <span class='ocrx_word' id='word_1_10' title='bbox 1192 492 1299 595; x_wconf 67' lang='grc' dir='ltr'>1556,ι</span> <span class='ocrx_word' id='word_1_11' title='bbox 1318 507 1441 577; x_wconf 88' lang='lat' dir='ltr'>aetatis</span> <span class='ocrx_word' id='word_1_12' title='bbox 1464 528 1558 585; x_wconf 88' lang='lat' dir='ltr'>uero,</span> <span class='ocrx_word' id='word_1_13' title='bbox 1674 477 1676 568; x_wconf 65' lang='lat' dir='ltr'>l</span> 
     </span>
    </p>
   </div>
   <div class='ocr_carea' id='block_1_3' title="bbox 334 605 1676 843">
    <p class='ocr_par' dir='ltr' id='par_1_3' title="bbox 334 605 1676 843">
     <span class='ocr_line' id='line_1_3' title="bbox 334 605 1676 716; baseline -0.008 -19"><span class='ocrx_word' id='word_1_14' title='bbox 334 653 418 698; x_wconf 87' lang='lat' dir='ltr'>suae</span> <span class='ocrx_word' id='word_1_15' title='bbox 434 632 488 716; x_wconf 83' lang='lat'>65;</span> <span class='ocrx_word' id='word_1_16' title='bbox 504 650 693 697; x_wconf 90' lang='lat' dir='ltr'>conuersus</span> <span class='ocrx_word' id='word_1_17' title='bbox 708 640 761 698; x_wconf 89' lang='lat' dir='ltr'>est</span> <span class='ocrx_word' id='word_1_18' title='bbox 773 641 888 697; x_wconf 86' lang='lat' dir='ltr'>autem</span> <span class='ocrx_word' id='word_1_19' title='bbox 905 650 994 696; x_wconf 88' lang='lat' dir='ltr'>anno</span> <span class='ocrx_word' id='word_1_20' title='bbox 1007 626 1128 695; x_wconf 88' lang='lat' dir='ltr'>aetatis</span> <span class='ocrx_word' id='word_1_21' title='bbox 1141 627 1185 694; x_wconf 83' lang='lat'>26</span> <span class='ocrx_word' id='word_1_22' title='bbox 1199 629 1223 708; x_wconf 75' lang='grc' dir='ltr'>’ς</span> <span class='ocrx_word' id='word_1_23' title='bbox 1237 626 1442 692; x_wconf 74' lang='lat' dir='ltr'>amantem</span> <span class='ocrx_word' id='word_1_24' title='bbox 1454 642 1562 715; x_wconf 85' lang='lat' dir='ltr'>usque</span> <span class='ocrx_word' id='word_1_25' title='bbox 1674 605 1676 658; x_wconf 73' lang='lat' dir='ltr'>i</span> 
     </span>
     <span class='ocr_line' id='line_1_4' title="bbox 335 738 1676 843; baseline -0.008 -30"><span class='ocrx_word' id='word_1_26' title='bbox 335 748 378 813; x_wconf 91' lang='lat' dir='ltr'>ad</span> <span class='ocrx_word' id='word_1_27' title='bbox 395 748 437 831; x_wconf 87' lang='lat'>65</span> <span class='ocrx_word' id='word_1_28' title='bbox 454 746 671 813; x_wconf 88' lang='lat' dir='ltr'>intercedunt</span> <span class='ocrx_word' id='word_1_29' title='bbox 689 766 731 834; x_wconf 82' lang='lat'>39</span> <span class='ocrx_word' id='word_1_30' title='bbox 757 744 850 813; x_wconf 88' lang='lat' dir='ltr'>anni:</span> <span class='ocrx_word' id='word_1_31' title='bbox 881 766 967 830; x_wconf 91' lang='lat' dir='ltr'>quos</span> <span class='ocrx_word' id='word_1_32' title='bbox 994 744 1059 811; x_wconf 91' lang='lat' dir='ltr'>sia</span> <span class='ocrx_word' id='word_1_33' title='bbox 1088 743 1142 827; x_wconf 90' lang='lat'>56,</span> <span class='ocrx_word' id='word_1_34' title='bbox 1171 763 1241 827; x_wconf 94' lang='lat' dir='ltr'>quo</span> <span class='ocrx_word' id='word_1_35' title='bbox 1260 761 1353 809; x_wconf 89' lang='lat' dir='ltr'>anno</span> <span class='ocrx_word' id='word_1_36' title='bbox 1368 738 1561 826; x_wconf 86' lang='lat' dir='ltr'>migrauita</span> <span class='ocrx_word' id='word_1_37' title='bbox 1674 815 1676 843; x_wconf 28' lang='lat' dir='ltr'>l</span> 
     </span>
    </p>
   </div>
   <div class='ocr_carea' id='block_1_4' title="bbox 268 851 1560 2429">
    <p class='ocr_par' dir='ltr' id='par_1_4' title="bbox 268 851 1560 1180">
     <span class='ocr_line' id='line_1_5' title="bbox 268 851 1560 949; baseline -0.009 -19"><span class='ocrx_word' id='word_1_38' title='bbox 268 867 273 883; x_wconf 84' lang='lat'><em>&#39;</em></span> <span class='ocrx_word' id='word_1_39' title='bbox 335 851 634 949; x_wconf 84' lang='lat' dir='ltr'>corpore,&#39;demas,</span> <span class='ocrx_word' id='word_1_40' title='bbox 657 877 696 945; x_wconf 90' lang='lat'>17</span> <span class='ocrx_word' id='word_1_41' title='bbox 713 860 833 946; x_wconf 84' lang='lat' dir='ltr'>reliqui</span> <span class='ocrx_word' id='word_1_42' title='bbox 849 862 950 943; x_wconf 85' lang='lat' dir='ltr'>fiunt;</span> <span class='ocrx_word' id='word_1_43' title='bbox 970 881 1061 926; x_wconf 90' lang='lat' dir='ltr'>anno</span> <span class='ocrx_word' id='word_1_44' title='bbox 1076 869 1191 926; x_wconf 90' lang='lat' dir='ltr'>autem</span> <span class='ocrx_word' id='word_1_45' title='bbox 1217 875 1256 940; x_wconf 91' lang='lat'>17</span> <span class='ocrx_word' id='word_1_46' title='bbox 1272 856 1439 924; x_wconf 85' lang='lat' dir='ltr'>defecisse</span> <span class='ocrx_word' id='word_1_47' title='bbox 1458 857 1560 922; x_wconf 86' lang='lat' dir='ltr'>Lute-</span> 
     </span>
     <span class='ocr_line' id='line_1_6' title="bbox 336 968 1560 1068; baseline -0.008 -25"><span class='ocrx_word' id='word_1_48' title='bbox 336 1000 411 1043; x_wconf 91' lang='lat' dir='ltr'>rum</span> <span class='ocrx_word' id='word_1_49' title='bbox 427 999 448 1043; x_wconf 93' lang='lat' dir='ltr'>a</span> <span class='ocrx_word' id='word_1_50' title='bbox 462 977 531 1045; x_wconf 90' lang='lat' dir='ltr'>fide</span> <span class='ocrx_word' id='word_1_51' title='bbox 553 976 781 1045; x_wconf 86' lang='lat' dir='ltr'>certissimum</span> <span class='ocrx_word' id='word_1_52' title='bbox 804 987 869 1044; x_wconf 90' lang='lat' dir='ltr'>est:</span> <span class='ocrx_word' id='word_1_53' title='bbox 888 974 981 1062; x_wconf 93' lang='lat' dir='ltr'>quod</span> <span class='ocrx_word' id='word_1_54' title='bbox 1004 996 1088 1043; x_wconf 88' lang='lat' dir='ltr'>sane</span> <span class='ocrx_word' id='word_1_55' title='bbox 1105 973 1170 1068; x_wconf 80' lang='lat' dir='ltr'>Dei</span> <span class='ocrx_word' id='word_1_56' title='bbox 1188 971 1415 1060; x_wconf 86' lang='lat' dir='ltr'>benignitatis</span> <span class='ocrx_word' id='word_1_57' title='bbox 1435 968 1560 1057; x_wconf 87' lang='lat' dir='ltr'>perspi-</span> 
     </span>
     <span class='ocr_line' id='line_1_7' title="bbox 337 1103 784 1180; baseline -0.002 -21"><span class='ocrx_word' id='word_1_58' title='bbox 337 1114 442 1159; x_wconf 91' lang='lat' dir='ltr'>cuum</span> <span class='ocrx_word' id='word_1_59' title='bbox 460 1104 513 1161; x_wconf 90' lang='lat' dir='ltr'>est</span> <span class='ocrx_word' id='word_1_60' title='bbox 529 1103 784 1180; x_wconf 84' lang='lat' dir='ltr'>argumentum.</span> 
     </span>
    </p>

    <p class='ocr_par' dir='ltr' id='par_1_5' title="bbox 337 1202 1558 1636">
     <span class='ocr_line' id='line_1_8' title="bbox 409 1202 1557 1297; baseline -0.008 -22"><span class='ocrx_word' id='word_1_61' title='bbox 409 1226 459 1297; x_wconf 83' lang='lat'>19.</span> <span class='ocrx_word' id='word_1_62' title='bbox 508 1210 597 1276; x_wconf 90' lang='lat' dir='ltr'>Cum</span> <span class='ocrx_word' id='word_1_63' title='bbox 615 1208 772 1276; x_wconf 87' lang='lat' dir='ltr'>Lutetiae</span> <span class='ocrx_word' id='word_1_64' title='bbox 789 1206 998 1275; x_wconf 88' lang='lat' dir='ltr'>Parisiorum</span> <span class='ocrx_word' id='word_1_65' title='bbox 1017 1218 1149 1294; x_wconf 85' lang='lat' dir='ltr'>ageret,</span> <span class='ocrx_word' id='word_1_66' title='bbox 1167 1215 1202 1272; x_wconf 85' lang='lat' dir='ltr'>et</span> <span class='ocrx_word' id='word_1_67' title='bbox 1214 1205 1250 1272; x_wconf 94' lang='lat' dir='ltr'>in</span> <span class='ocrx_word' id='word_1_68' title='bbox 1268 1207 1387 1274; x_wconf 91' lang='lat' dir='ltr'>eadem</span> <span class='ocrx_word' id='word_1_69' title='bbox 1400 1202 1447 1292; x_wconf 81' lang='lat' dir='ltr'>(ni</span> <span class='ocrx_word' id='word_1_70' title='bbox 1458 1203 1557 1287; x_wconf 78' lang='lat' dir='ltr'>fallor)</span> 
     </span>
     <span class='ocr_line' id='line_1_9' title="bbox 337 1301 1558 1409; baseline -0.006 -19"><span class='ocrx_word' id='word_1_71' title='bbox 337 1325 438 1390; x_wconf 92' lang='lat' dir='ltr'>domo</span> <span class='ocrx_word' id='word_1_72' title='bbox 449 1301 546 1393; x_wconf 84' lang='lat' dir='ltr'>esset</span> <span class='ocrx_word' id='word_1_73' title='bbox 562 1324 700 1409; x_wconf 89' lang='lat' dir='ltr'>quidam</span> <span class='ocrx_word' id='word_1_74' title='bbox 716 1324 743 1406; x_wconf 81' lang='lat'>⁸,</span> <span class='ocrx_word' id='word_1_75' title='bbox 761 1323 819 1409; x_wconf 92' lang='lat' dir='ltr'>qui</span> <span class='ocrx_word' id='word_1_76' title='bbox 843 1322 1142 1392; x_wconf 90' lang='lat' dir='ltr'>uehementissime</span> <span class='ocrx_word' id='word_1_77' title='bbox 1164 1344 1184 1387; x_wconf 88' lang='lat' dir='ltr'>a</span> <span class='ocrx_word' id='word_1_78' title='bbox 1205 1321 1341 1388; x_wconf 92' lang='lat' dir='ltr'>diabolo</span> <span class='ocrx_word' id='word_1_79' title='bbox 1361 1320 1558 1387; x_wconf 79' lang='lat' dir='ltr'>contra&#39;Pa·</span> 
     </span>
     <span class='ocr_line' id='line_1_10' title="bbox 339 1436 1557 1526; baseline -0.005 -21"><span class='ocrx_word' id='word_1_80' title='bbox 339 1457 425 1506; x_wconf 91' lang='lat' dir='ltr'>trem</span> <span class='ocrx_word' id='word_1_81' title='bbox 442 1438 638 1526; x_wconf 84' lang='lat' dir='ltr'>agitabatur</span> <span class='ocrx_word' id='word_1_82' title='bbox 652 1452 679 1521; x_wconf 84' lang='lat'>¹,</span> <span class='ocrx_word' id='word_1_83' title='bbox 697 1450 732 1507; x_wconf 89' lang='lat' dir='ltr'>et</span> <span class='ocrx_word' id='word_1_84' title='bbox 748 1438 877 1507; x_wconf 84' lang='lat' dir='ltr'>italam</span> <span class='ocrx_word' id='word_1_85' title='bbox 894 1450 985 1508; x_wconf 87' lang='lat' dir='ltr'>esset</span> <span class='ocrx_word' id='word_1_86' title='bbox 1001 1438 1230 1526; x_wconf 85' lang='lat' dir='ltr'>infiammatus</span> <span class='ocrx_word' id='word_1_87' title='bbox 1245 1447 1285 1503; x_wconf 94' lang='lat' dir='ltr'>ut</span> <span class='ocrx_word' id='word_1_88' title='bbox 1305 1436 1415 1503; x_wconf 88' lang='lat' dir='ltr'>scalas</span> <span class='ocrx_word' id='word_1_89' title='bbox 1429 1436 1473 1501; x_wconf 90' lang='lat' dir='ltr'>ad</span> <span class='ocrx_word' id='word_1_90' title='bbox 1487 1454 1557 1502; x_wconf 87' lang='lat' dir='ltr'>eum</span> 
     </span>
     <span class='ocr_line' id='line_1_11' title="bbox 338 1548 1555 1636; baseline -0.007 -15"><span class='ocrx_word' id='word_1_91' title='bbox 338 1554 564 1623; x_wconf 84' lang='lat' dir='ltr'>occidendum</span> <span class='ocrx_word' id='word_1_92' title='bbox 585 1555 797 1636; x_wconf 86' lang='lat' dir='ltr'>ascenderet,</span> <span class='ocrx_word' id='word_1_93' title='bbox 821 1575 943 1622; x_wconf 88' lang='lat' dir='ltr'>uocem</span> <span class='ocrx_word' id='word_1_94' title='bbox 964 1554 1097 1621; x_wconf 91' lang='lat' dir='ltr'>audiuit</span> <span class='ocrx_word' id='word_1_95' title='bbox 1123 1553 1307 1621; x_wconf 89' lang='lat' dir='ltr'>dicentem:</span> <span class='ocrx_word' id='word_1_96' title='bbox 1337 1552 1450 1618; x_wconf 88' lang='lat' dir='ltr'>Pobre</span> <span class='ocrx_word' id='word_1_97' title='bbox 1467 1552 1508 1619; x_wconf 93' lang='lat' dir='ltr'>de</span> <span class='ocrx_word' id='word_1_98' title='bbox 1522 1548 1555 1613; x_wconf 91' lang='lat' dir='ltr'>ti!</span> 
     </span>
    </p>

    <p class='ocr_par' dir='ltr' id='par_1_6' title="bbox 318 1665 1559 2429">
     <span class='ocr_line' id='line_1_12' title="bbox 318 1665 1557 1756; baseline -0.005 -21"><span class='ocrx_word' id='word_1_99' title='bbox 318 1692 320 1696; x_wconf 71' lang='grc'>’</span> <span class='ocrx_word' id='word_1_100' title='bbox 338 1675 407 1754; x_wconf 77' lang='lat' dir='ltr'>que</span> <span class='ocrx_word' id='word_1_101' title='bbox 424 1669 559 1755; x_wconf 83' lang='lat' dir='ltr'>quietes</span> <span class='ocrx_word' id='word_1_102' title='bbox 576 1672 695 1737; x_wconf 82' lang='lat' dir='ltr'>hazer?</span> <span class='ocrx_word' id='word_1_103' title='bbox 711 1690 779 1756; x_wconf 87' lang='lat' dir='ltr'>qua</span> <span class='ocrx_word' id='word_1_104' title='bbox 796 1692 884 1737; x_wconf 90' lang='lat' dir='ltr'>uoce</span> <span class='ocrx_word' id='word_1_105' title='bbox 899 1669 1082 1738; x_wconf 82' lang='lat' dir='ltr'>exterritus</span> <span class='ocrx_word' id='word_1_106' title='bbox 1097 1681 1133 1738; x_wconf 88' lang='lat' dir='ltr'>et</span> <span class='ocrx_word' id='word_1_107' title='bbox 1148 1668 1264 1736; x_wconf 92' lang='lat' dir='ltr'>subito</span> <span class='ocrx_word' id='word_1_108' title='bbox 1284 1679 1414 1735; x_wconf 88' lang='lat' dir='ltr'>terrore</span> <span class='ocrx_word' id='word_1_109' title='bbox 1432 1665 1557 1752; x_wconf 90' lang='lat' dir='ltr'>percul-</span> 
     </span>
     <span class='ocr_line' id='line_1_13' title="bbox 339 1780 1558 1873; baseline -0.004 -22"><span class='ocrx_word' id='word_1_110' title='bbox 339 1807 411 1865; x_wconf 75' lang='lat' dir='ltr'>suS,</span> <span class='ocrx_word' id='word_1_111' title='bbox 431 1786 474 1851; x_wconf 90' lang='lat' dir='ltr'>ab</span> <span class='ocrx_word' id='word_1_112' title='bbox 490 1784 648 1873; x_wconf 91' lang='lat' dir='ltr'>incoepto</span> <span class='ocrx_word' id='word_1_113' title='bbox 676 1784 806 1853; x_wconf 84' lang='lat' dir='ltr'>destitit</span> <span class='ocrx_word' id='word_1_114' title='bbox 821 1796 846 1852; x_wconf 60' lang='grc' dir='ltr'>ἵ.</span> <span class='ocrx_word' id='word_1_115' title='bbox 877 1786 950 1852; x_wconf 88' lang='lat' dir='ltr'>Hic.</span> <span class='ocrx_word' id='word_1_116' title='bbox 962 1796 1077 1852; x_wconf 88' lang='lat' dir='ltr'>autem</span> <span class='ocrx_word' id='word_1_117' title='bbox 1105 1795 1223 1871; x_wconf 89' lang='lat' dir='ltr'>postea</span> <span class='ocrx_word' id='word_1_118' title='bbox 1249 1784 1307 1851; x_wconf 80' lang='lat' dir='ltr'>fair</span> <span class='ocrx_word' id='word_1_119' title='bbox 1327 1782 1391 1849; x_wconf 86' lang='lat' dir='ltr'>tuit</span> <span class='ocrx_word' id='word_1_120' title='bbox 1411 1782 1497 1848; x_wconf 88' lang='lat' dir='ltr'>illius</span> <span class='ocrx_word' id='word_1_121' title='bbox 1510 1780 1558 1846; x_wconf 92' lang='lat' dir='ltr'>in·</span> 
     </span>
     <span class='ocr_line' id='line_1_14' title="bbox 340 1900 1559 1990; baseline -0.004 -23"><span class='ocrx_word' id='word_1_122' title='bbox 340 1900 454 1967; x_wconf 86' lang='lat' dir='ltr'>cendii</span> <span class='ocrx_word' id='word_1_123' title='bbox 469 1913 504 1967; x_wconf 88' lang='lat' dir='ltr'>et</span> <span class='ocrx_word' id='word_1_124' title='bbox 522 1900 732 1987; x_wconf 86' lang='lat' dir='ltr'>tempestatis</span> <span class='ocrx_word' id='word_1_125' title='bbox 748 1902 906 1990; x_wconf 86' lang='lat' dir='ltr'>au[c]tor,</span> <span class='ocrx_word' id='word_1_126' title='bbox 924 1923 1013 1987; x_wconf 89' lang='lat' dir='ltr'>quae</span> <span class='ocrx_word' id='word_1_127' title='bbox 1028 1901 1137 1987; x_wconf 91' lang='lat' dir='ltr'>primo</span> <span class='ocrx_word' id='word_1_128' title='bbox 1159 1911 1280 1966; x_wconf 86' lang='lat' dir='ltr'>contra</span> <span class='ocrx_word' id='word_1_129' title='bbox 1296 1902 1418 1966; x_wconf 90' lang='lat' dir='ltr'>Patres</span> <span class='ocrx_word' id='word_1_130' title='bbox 1436 1909 1559 1965; x_wconf 86' lang='lat' dir='ltr'>nostros</span> 
     </span>
     <span class='ocr_line' id='line_1_15' title="bbox 343 2012 1558 2103; baseline -0.005 -18"><span class='ocrx_word' id='word_1_131' title='bbox 343 2018 473 2085; x_wconf 87' lang='lat' dir='ltr'>Rornae</span> <span class='ocrx_word' id='word_1_132' title='bbox 489 2027 607 2083; x_wconf 88' lang='lat' dir='ltr'>coorta</span> <span class='ocrx_word' id='word_1_133' title='bbox 623 2027 688 2097; x_wconf 82' lang='lat' dir='ltr'>est,</span> <span class='ocrx_word' id='word_1_134' title='bbox 706 2037 820 2101; x_wconf 89' lang='lat' dir='ltr'>quern,</span> <span class='ocrx_word' id='word_1_135' title='bbox 839 2028 879 2083; x_wconf 93' lang='lat' dir='ltr'>ut</span> <span class='ocrx_word' id='word_1_136' title='bbox 893 2018 1021 2083; x_wconf 89' lang='lat' dir='ltr'>bonum</span> <span class='ocrx_word' id='word_1_137' title='bbox 1038 2038 1100 2103; x_wconf 91' lang='lat' dir='ltr'>pro</span> <span class='ocrx_word' id='word_1_138' title='bbox 1116 2018 1205 2083; x_wconf 89' lang='lat' dir='ltr'>malo</span> <span class='ocrx_word' id='word_1_139' title='bbox 1222 2016 1391 2099; x_wconf 87' lang='lat' dir='ltr'>redderet,</span> <span class='ocrx_word' id='word_1_140' title='bbox 1407 2013 1485 2101; x_wconf 88' lang='lat' dir='ltr'>ipsis</span> <span class='ocrx_word' id='word_1_141' title='bbox 1500 2012 1558 2080; x_wconf 89' lang='lat' dir='ltr'>So·</span> 
     </span>
     <span class='ocr_line' id='line_1_16' title="bbox 343 2127 1556 2220; baseline -0.006 -23"><span class='ocrx_word' id='word_1_142' title='bbox 343 2130 479 2199; x_wconf 89' lang='lat' dir='ltr'>cietatis</span> <span class='ocrx_word' id='word_1_143' title='bbox 506 2132 785 2217; x_wconf 87' lang='lat' dir='ltr'>persecutoribus</span> <span class='ocrx_word' id='word_1_144' title='bbox 815 2133 1031 2220; x_wconf 84' lang='lat' dir='ltr'>rogantibus,</span> <span class='ocrx_word' id='word_1_145' title='bbox 1067 2132 1103 2199; x_wconf 91' lang='lat' dir='ltr'>in</span> <span class='ocrx_word' id='word_1_146' title='bbox 1139 2132 1347 2201; x_wconf 86' lang='lat' dir='ltr'>Societatem</span> <span class='ocrx_word' id='word_1_147' title='bbox 1378 2128 1509 2196; x_wconf 87' lang='lat' dir='ltr'>admisit</span> <span class='ocrx_word' id='word_1_148' title='bbox 1534 2127 1556 2190; x_wconf 81' lang='lat'>⁹.</span> 
     </span>
     <span class='ocr_line' id='line_1_17' title="bbox 343 2244 1558 2338; baseline -0.002 -25"><span class='ocrx_word' id='word_1_149' title='bbox 343 2248 420 2333; x_wconf 88' lang='lat' dir='ltr'>Ego</span> <span class='ocrx_word' id='word_1_150' title='bbox 441 2270 482 2314; x_wconf 82' lang='lat' dir='ltr'>ex</span> <span class='ocrx_word' id='word_1_151' title='bbox 505 2249 607 2316; x_wconf 90' lang='lat' dir='ltr'>Patre</span> <span class='ocrx_word' id='word_1_152' title='bbox 626 2247 682 2315; x_wconf 95' lang='lat' dir='ltr'>die</span> <span class='ocrx_word' id='word_1_153' title='bbox 702 2247 927 2338; x_wconf 84' lang='lat' dir='ltr'>Ascensionis</span> <span class='ocrx_word' id='word_1_154' title='bbox 947 2264 1045 2333; x_wconf 83' lang='lat'>1553.</span> <span class='ocrx_word' id='word_1_155' title='bbox 1064 2247 1131 2315; x_wconf 88' lang='lat' dir='ltr'>Hic</span> <span class='ocrx_word' id='word_1_156' title='bbox 1152 2259 1267 2315; x_wconf 91' lang='lat' dir='ltr'>autem</span> <span class='ocrx_word' id='word_1_157' title='bbox 1284 2258 1404 2334; x_wconf 88' lang='lat' dir='ltr'>postea</span> <span class='ocrx_word' id='word_1_158' title='bbox 1424 2244 1558 2331; x_wconf 85' lang='lat' dir='ltr'>dilapsus</span> 
     </span>
     <span class='ocr_line' id='line_1_18' title="bbox 342 2373 485 2429; baseline -0.014 0"><span class='ocrx_word' id='word_1_159' title='bbox 342 2373 485 2429; x_wconf 81' lang='lat' dir='ltr'>est.-r.</span> 
     </span>
    </p>
   </div>
   <div class='ocr_carea' id='block_1_5' title="bbox 342 2546 1562 2871">
    <p class='ocr_par' dir='ltr' id='par_1_7' title="bbox 342 2546 1562 2871">
     <span class='ocr_line' id='line_1_19' title="bbox 397 2546 1560 2623; baseline -0.002 -20"><span class='ocrx_word' id='word_1_160' title='bbox 397 2564 413 2591; x_wconf 78' lang='lat'>¹</span> <span class='ocrx_word' id='word_1_161' title='bbox 431 2549 469 2604; x_wconf 77' lang='lat' dir='ltr'>Iri</span> <span class='ocrx_word' id='word_1_162' title='bbox 482 2550 638 2623; x_wconf 73' lang='lat' dir='ltr'>margine:</span> <span class='ocrx_word' id='word_1_163' title='bbox 650 2551 696 2606; x_wconf 87' lang='lat' dir='ltr'>De</span> <span class='ocrx_word' id='word_1_164' title='bbox 709 2551 765 2606; x_wconf 83' lang='lat' dir='ltr'>M.0</span> <span class='ocrx_word' id='word_1_165' title='bbox 776 2550 898 2621; x_wconf 85' lang='lat' dir='ltr'>Miguel.</span> <span class='ocrx_word' id='word_1_166' title='bbox 910 2552 998 2621; x_wconf 79' lang='lat' dir='ltr'>Quae</span> <span class='ocrx_word' id='word_1_167' title='bbox 1007 2550 1108 2616; x_wconf 81' lang='lat' dir='ltr'>uerba,</span> <span class='ocrx_word' id='word_1_168' title='bbox 1119 2568 1188 2606; x_wconf 83' lang='lat' dir='ltr'>cum</span> <span class='ocrx_word' id='word_1_169' title='bbox 1200 2551 1233 2605; x_wconf 85' lang='lat' dir='ltr'>in</span> <span class='ocrx_word' id='word_1_170' title='bbox 1242 2550 1352 2606; x_wconf 82' lang='lat' dir='ltr'>codicis</span> <span class='ocrx_word' id='word_1_171' title='bbox 1364 2546 1560 2623; x_wconf 77' lang='lat' dir='ltr'>compositione</span> 
     </span>
     <span class='ocr_line' id='line_1_20' title="bbox 342 2638 1561 2713; baseline 0.001 -22"><span class='ocrx_word' id='word_1_172' title='bbox 342 2644 478 2693; x_wconf 81' lang='lat' dir='ltr'>resecata</span> <span class='ocrx_word' id='word_1_173' title='bbox 491 2657 527 2695; x_wconf 83' lang='lat' dir='ltr'>ex</span> <span class='ocrx_word' id='word_1_174' title='bbox 536 2643 627 2713; x_wconf 76' lang='lat' dir='ltr'>parte</span> <span class='ocrx_word' id='word_1_175' title='bbox 633 2638 780 2711; x_wconf 76' lang='lat' dir='ltr'>fuissent,</span> <span class='ocrx_word' id='word_1_176' title='bbox 793 2657 829 2695; x_wconf 84' lang='lat' dir='ltr'>aa</span> <span class='ocrx_word' id='word_1_177' title='bbox 842 2641 957 2695; x_wconf 86' lang='lat' dir='ltr'>iterum</span> <span class='ocrx_word' id='word_1_178' title='bbox 969 2640 1092 2712; x_wconf 75' lang='lat' dir='ltr'>scripsit</span> <span class='ocrx_word' id='word_1_179' title='bbox 1109 2639 1233 2696; x_wconf 80' lang='lat' dir='ltr'>Natalis</span> <span class='ocrx_word' id='word_1_180' title='bbox 1244 2641 1278 2694; x_wconf 81' lang='lat' dir='ltr'>iri</span> <span class='ocrx_word' id='word_1_181' title='bbox 1299 2640 1401 2695; x_wconf 75' lang='lat' dir='ltr'>altaro</span> <span class='ocrx_word' id='word_1_182' title='bbox 1417 2638 1510 2710; x_wconf 81' lang='lat' dir='ltr'>ipsius</span> <span class='ocrx_word' id='word_1_183' title='bbox 1517 2640 1561 2709; x_wconf 87' lang='lat' dir='ltr'>pn·</span> 
     </span>
     <span class='ocr_line' id='line_1_21' title="bbox 342 2727 1562 2802; baseline -0.001 -23"><span class='ocrx_word' id='word_1_184' title='bbox 342 2728 439 2801; x_wconf 78' lang='lat' dir='ltr'>ginae</span> <span class='ocrx_word' id='word_1_185' title='bbox 451 2744 518 2788; x_wconf 84' lang='lat' dir='ltr'>ora.</span> <span class='ocrx_word' id='word_1_186' title='bbox 557 2745 607 2783; x_wconf 78' lang='lat' dir='ltr'>-r</span> <span class='ocrx_word' id='word_1_187' title='bbox 627 2728 714 2798; x_wconf 80' lang='lat' dir='ltr'>Quae</span> <span class='ocrx_word' id='word_1_188' title='bbox 725 2733 893 2801; x_wconf 76' lang='lat' dir='ltr'>sequuntur</span> <span class='ocrx_word' id='word_1_189' title='bbox 915 2734 1007 2800; x_wconf 79' lang='lat' dir='ltr'>usque</span> <span class='ocrx_word' id='word_1_190' title='bbox 1027 2731 1070 2784; x_wconf 85' lang='lat' dir='ltr'>ad</span> <span class='ocrx_word' id='word_1_191' title='bbox 1085 2729 1184 2802; x_wconf 85' lang='lat' dir='ltr'>finam</span> <span class='ocrx_word' id='word_1_192' title='bbox 1201 2727 1397 2802; x_wconf 74' lang='lat' dir='ltr'>paragraphi</span> <span class='ocrx_word' id='word_1_193' title='bbox 1418 2728 1562 2783; x_wconf 65' lang='lat' dir='ltr'>oblitam</span> 
     </span>
     <span class='ocr_line' id='line_1_22' title="bbox 345 2820 428 2871; baseline -0.012 0"><span class='ocrx_word' id='word_1_194' title='bbox 345 2820 428 2871; x_wconf 81' lang='lat' dir='ltr'>sunt.</span> 
     </span>
    </p>
   </div>
   <div class='ocr_carea' id='block_1_6' title="bbox 351 2916 549 2938">
    <p class='ocr_par' dir='ltr' id='par_1_8' title="bbox 351 2916 549 2938">
     <span class='ocr_line' id='line_1_23' title="bbox 351 2916 549 2938; baseline -0.005 -4"><span class='ocrx_word' id='word_1_195' title='bbox 351 2916 549 2938; x_wconf 51' lang='lat'>4——</span> 
     </span>
    </p>
   </div>
   <div class='ocr_carea' id='block_1_7' title="bbox 285 2977 1566 4637">
    <p class='ocr_par' dir='ltr' id='par_1_9' title="bbox 347 2977 1564 3231">
     <span class='ocr_line' id='line_1_24' title="bbox 403 2977 1561 3052; baseline -0.002 -20"><span class='ocrx_word' id='word_1_196' title='bbox 403 2982 414 3013; x_wconf 60' lang='grc'><strong>7</strong></span> <span class='ocrx_word' id='word_1_197' title='bbox 453 2978 518 3033; x_wconf 89' lang='lat' dir='ltr'>Non</span> <span class='ocrx_word' id='word_1_198' title='bbox 532 2995 608 3034; x_wconf 86' lang='lat' dir='ltr'>anno</span> <span class='ocrx_word' id='word_1_199' title='bbox 621 2979 726 3035; x_wconf 87' lang='lat' dir='ltr'>aetatis</span> <span class='ocrx_word' id='word_1_200' title='bbox 739 2979 774 3034; x_wconf 83' lang='lat'>26</span> <span class='ocrx_word' id='word_1_201' title='bbox 787 2978 817 3035; x_wconf 91' lang='lat' dir='ltr'>in</span> <span class='ocrx_word' id='word_1_202' title='bbox 830 2980 937 3035; x_wconf 84' lang='lat' dir='ltr'>bonam</span> <span class='ocrx_word' id='word_1_203' title='bbox 947 2978 1063 3049; x_wconf 75' lang='lat' dir='ltr'>frugem</span> <span class='ocrx_word' id='word_1_204' title='bbox 1076 2995 1110 3034; x_wconf 87' lang='lat' dir='ltr'>se</span> <span class='ocrx_word' id='word_1_205' title='bbox 1120 2977 1254 3050; x_wconf 81' lang='lat' dir='ltr'>Ignatius</span> <span class='ocrx_word' id='word_1_206' title='bbox 1266 2978 1388 3052; x_wconf 87' lang='lat' dir='ltr'>recepit,</span> <span class='ocrx_word' id='word_1_207' title='bbox 1404 2978 1561 3034; x_wconf 79' lang='lat' dir='ltr'>sedamen</span> 
     </span>
     <span class='ocr_line' id='line_1_25' title="bbox 348 3065 1562 3140; baseline 0.002 -21"><span class='ocrx_word' id='word_1_208' title='bbox 348 3082 441 3136; x_wconf 84' lang='lat' dir='ltr'>agens</span> <span class='ocrx_word' id='word_1_209' title='bbox 454 3067 646 3123; x_wconf 88' lang='lat' dir='ltr'>tricesimum.</span> <span class='ocrx_word' id='word_1_210' title='bbox 661 3068 784 3123; x_wconf 85' lang='lat' dir='ltr'>Errandi</span> <span class='ocrx_word' id='word_1_211' title='bbox 801 3084 914 3136; x_wconf 88' lang='lat' dir='ltr'>ansam,</span> <span class='ocrx_word' id='word_1_212' title='bbox 928 3065 985 3123; x_wconf 89' lang='lat' dir='ltr'>nisi</span> <span class='ocrx_word' id='word_1_213' title='bbox 997 3067 1137 3140; x_wconf 81' lang='lat' dir='ltr'>fallimur,</span> <span class='ocrx_word' id='word_1_214' title='bbox 1150 3068 1350 3140; x_wconf 85' lang='lat' dir='ltr'>praebuerunt</span> <span class='ocrx_word' id='word_1_215' title='bbox 1365 3066 1562 3124; x_wconf 81' lang='lat' dir='ltr'>Ribadeueime</span> 
     </span>
     <span class='ocr_line' id='line_1_26' title="bbox 347 3154 1564 3231; baseline 0.002 -20"><span class='ocrx_word' id='word_1_216' title='bbox 347 3154 493 3228; x_wconf 87' lang='lat' dir='ltr'>quaedam</span> <span class='ocrx_word' id='word_1_217' title='bbox 508 3157 662 3214; x_wconf 88' lang='lat' dir='ltr'>Consalvii</span> <span class='ocrx_word' id='word_1_218' title='bbox 674 3158 776 3229; x_wconf 87' lang='lat' dir='ltr'>verba,</span> <span class='ocrx_word' id='word_1_219' title='bbox 790 3174 865 3231; x_wconf 88' lang='lat' dir='ltr'>quae</span> <span class='ocrx_word' id='word_1_220' title='bbox 883 3174 981 3230; x_wconf 87' lang='lat' dir='ltr'>supra,</span> <span class='ocrx_word' id='word_1_221' title='bbox 1002 3174 1070 3230; x_wconf 81' lang='lat' dir='ltr'>pag.</span> <span class='ocrx_word' id='word_1_222' title='bbox 1084 3156 1129 3229; x_wconf 78' lang='lat'>37,</span> <span class='ocrx_word' id='word_1_223' title='bbox 1144 3156 1369 3213; x_wconf 85' lang='lat' dir='ltr'>declaravimus.</span> <span class='ocrx_word' id='word_1_224' title='bbox 1384 3158 1461 3213; x_wconf 91' lang='lat' dir='ltr'>Vide</span> <span class='ocrx_word' id='word_1_225' title='bbox 1475 3159 1564 3213; x_wconf 87' lang='lat' dir='ltr'>locum.</span> 
     </span>
    </p>

    <p class='ocr_par' dir='ltr' id='par_1_10' title="bbox 402 3245 1107 3303">
     <span class='ocr_line' id='line_1_27' title="bbox 402 3245 1107 3303; baseline 0.013 -5"><span class='ocrx_word' id='word_1_226' title='bbox 402 3247 414 3279; x_wconf 78' lang='lat'><strong>⁸</strong></span> <span class='ocrx_word' id='word_1_227' title='bbox 453 3245 577 3303; x_wconf 73' lang='lat' dir='ltr'>Michael</span> <span class='ocrx_word' id='word_1_228' title='bbox 595 3246 755 3303; x_wconf 77' lang='lat' dir='ltr'>Navarrus.</span> <span class='ocrx_word' id='word_1_229' title='bbox 1103 3262 1107 3270; x_wconf 83' lang='grc'><em>’</em></span> 
     </span>
    </p>

    <p class='ocr_par' dir='ltr' id='par_1_11' title="bbox 285 3332 1566 4637">
     <span class='ocr_line' id='line_1_28' title="bbox 402 3332 1565 3397; baseline -0.003 -6"><span class='ocrx_word' id='word_1_230' title='bbox 402 3338 414 3370; x_wconf 79' lang='lat'>⁰</span> <span class='ocrx_word' id='word_1_231' title='bbox 452 3334 623 3391; x_wconf 80' lang='lat' dir='ltr'>Admissum</span> <span class='ocrx_word' id='word_1_232' title='bbox 638 3336 668 3392; x_wconf 90' lang='lat' dir='ltr'>ln</span> <span class='ocrx_word' id='word_1_233' title='bbox 682 3334 864 3392; x_wconf 80' lang='lat' dir='ltr'>Societatem</span> <span class='ocrx_word' id='word_1_234' title='bbox 877 3336 1053 3392; x_wconf 68' lang='lat' dir='ltr'>Michailem</span> <span class='ocrx_word' id='word_1_235' title='bbox 1065 3353 1125 3397; x_wconf 87' lang='lat' dir='ltr'>non</span> <span class='ocrx_word' id='word_1_236' title='bbox 1138 3332 1230 3391; x_wconf 76' lang='lat' dir='ltr'>tuisse</span> <span class='ocrx_word' id='word_1_237' title='bbox 1247 3333 1339 3391; x_wconf 82' lang='lat' dir='ltr'>tradit</span> <span class='ocrx_word' id='word_1_238' title='bbox 1355 3334 1390 3392; x_wconf 84' lang='lat' dir='ltr'>P.</span> <span class='ocrx_word' id='word_1_239' title='bbox 1410 3336 1509 3391; x_wconf 87' lang='lat' dir='ltr'>Simon</span> <span class='ocrx_word' id='word_1_240' title='bbox 1518 3334 1565 3388; x_wconf 89' lang='lat' dir='ltr'>Ro·</span> 
     </span>
     <span class='ocr_line' id='line_1_29' title="bbox 350 3411 1565 3507; baseline 0.003 -28"><span class='ocrx_word' id='word_1_241' title='bbox 350 3411 505 3491; x_wconf 70' lang='lat' dir='ltr'>nardum,</span> <span class='ocrx_word' id='word_1_242' title='bbox 534 3424 580 3481; x_wconf 82' lang='lat' dir='ltr'>De</span> <span class='ocrx_word' id='word_1_243' title='bbox 606 3427 729 3507; x_wconf 80' lang='lat' dir='ltr'>origine</span> <span class='ocrx_word' id='word_1_244' title='bbox 759 3430 787 3481; x_wconf 81' lang='lat' dir='ltr'>at</span> <span class='ocrx_word' id='word_1_245' title='bbox 817 3431 986 3500; x_wconf 80' lang='lat' dir='ltr'>progressu</span> <span class='ocrx_word' id='word_1_246' title='bbox 1011 3424 1169 3481; x_wconf 79' lang='lat' dir='ltr'>Societatis</span> <span class='ocrx_word' id='word_1_247' title='bbox 1193 3425 1296 3480; x_wconf 78' lang='lat' dir='ltr'>Iesu...</span> <span class='ocrx_word' id='word_1_248' title='bbox 1319 3425 1565 3483; x_wconf 72' lang='lat' dir='ltr'>commentarium,</span> 
     </span>
     <span class='ocr_line' id='line_1_30' title="bbox 347 3512 1566 3587; baseline -0.001 -21"><span class='ocrx_word' id='word_1_249' title='bbox 347 3530 416 3585; x_wconf 81' lang='lat' dir='ltr'>pag.</span> <span class='ocrx_word' id='word_1_250' title='bbox 430 3526 476 3583; x_wconf 89' lang='lat'>70:</span> <span class='ocrx_word' id='word_1_251' title='bbox 492 3514 567 3569; x_wconf 76' lang='lat' dir='ltr'>«Hic</span> <span class='ocrx_word' id='word_1_252' title='bbox 578 3514 629 3570; x_wconf 92' lang='lat' dir='ltr'>ubi</span> <span class='ocrx_word' id='word_1_253' title='bbox 639 3512 734 3570; x_wconf 89' lang='lat' dir='ltr'>socios</span> <span class='ocrx_word' id='word_1_254' title='bbox 745 3514 865 3570; x_wconf 87' lang='lat' dir='ltr'>Parisiis</span> <span class='ocrx_word' id='word_1_255' title='bbox 876 3514 1024 3587; x_wconf 82' lang='lat' dir='ltr'>protectos</span> <span class='ocrx_word' id='word_1_256' title='bbox 1034 3515 1149 3570; x_wconf 87' lang='lat' dir='ltr'>Italiam</span> <span class='ocrx_word' id='word_1_257' title='bbox 1157 3530 1263 3570; x_wconf 81' lang='lat' dir='ltr'>versus</span> <span class='ocrx_word' id='word_1_258' title='bbox 1273 3513 1466 3571; x_wconf 83' lang='lat' dir='ltr'>contendisse</span> <span class='ocrx_word' id='word_1_259' title='bbox 1477 3527 1566 3583; x_wconf 78' lang='lat' dir='ltr'>cogno</span> 
     </span>
     <span class='ocr_line' id='line_1_31' title="bbox 347 3601 1565 3676; baseline -0.002 -21"><span class='ocrx_word' id='word_1_260' title='bbox 347 3602 403 3670; x_wconf 86' lang='lat' dir='ltr'>vit,</span> <span class='ocrx_word' id='word_1_261' title='bbox 417 3601 484 3657; x_wconf 84' lang='lat' dir='ltr'>illos</span> <span class='ocrx_word' id='word_1_262' title='bbox 497 3602 673 3675; x_wconf 80' lang='lat' dir='ltr'>insequutus</span> <span class='ocrx_word' id='word_1_263' title='bbox 691 3603 826 3659; x_wconf 84' lang='lat' dir='ltr'>Veneriis</span> <span class='ocrx_word' id='word_1_264' title='bbox 845 3601 980 3672; x_wconf 68' lang='lat' dir='ltr'>offendiu</span> <span class='ocrx_word' id='word_1_265' title='bbox 995 3603 1038 3659; x_wconf 90' lang='lat' dir='ltr'>ibi</span> <span class='ocrx_word' id='word_1_266' title='bbox 1049 3605 1090 3659; x_wconf 89' lang='lat' dir='ltr'>ab</span> <span class='ocrx_word' id='word_1_267' title='bbox 1106 3602 1165 3659; x_wconf 90' lang='lat' dir='ltr'>illis</span> <span class='ocrx_word' id='word_1_268' title='bbox 1178 3603 1289 3659; x_wconf 83' lang='lat' dir='ltr'>obnixe</span> <span class='ocrx_word' id='word_1_269' title='bbox 1301 3604 1389 3676; x_wconf 89' lang='lat' dir='ltr'>petit,</span> <span class='ocrx_word' id='word_1_270' title='bbox 1413 3613 1446 3659; x_wconf 89' lang='lat' dir='ltr'>ut</span> <span class='ocrx_word' id='word_1_271' title='bbox 1459 3604 1488 3659; x_wconf 88' lang='lat' dir='ltr'>in</span> <span class='ocrx_word' id='word_1_272' title='bbox 1499 3616 1565 3657; x_wconf 86' lang='lat' dir='ltr'>suan</span> 
     </span>
     <span class='ocr_line' id='line_1_32' title="bbox 346 3689 1564 3765; baseline 0.001 -20"><span class='ocrx_word' id='word_1_273' title='bbox 346 3689 412 3763; x_wconf 89' lang='lat' dir='ltr'>ipse</span> <span class='ocrx_word' id='word_1_274' title='bbox 425 3690 598 3747; x_wconf 86' lang='lat' dir='ltr'>societatem</span> <span class='ocrx_word' id='word_1_275' title='bbox 612 3708 826 3765; x_wconf 88' lang='lat' dir='ltr'>numerumque</span> <span class='ocrx_word' id='word_1_276' title='bbox 839 3691 1018 3761; x_wconf 81' lang='lat' dir='ltr'>adscribant3</span> <span class='ocrx_word' id='word_1_277' title='bbox 1032 3691 1086 3747; x_wconf 88' lang='lat' dir='ltr'>sed</span> <span class='ocrx_word' id='word_1_278' title='bbox 1106 3700 1205 3764; x_wconf 85' lang='lat' dir='ltr'>patres</span> <span class='ocrx_word' id='word_1_279' title='bbox 1218 3690 1299 3748; x_wconf 85' lang='lat' dir='ltr'>illius</span> <span class='ocrx_word' id='word_1_280' title='bbox 1314 3692 1448 3748; x_wconf 82' lang='lat' dir='ltr'>levitatis</span> <span class='ocrx_word' id='word_1_281' title='bbox 1464 3689 1564 3756; x_wconf 79' lang='lat' dir='ltr'>conscii,</span> 
     </span>
     <span class='ocr_line' id='line_1_33' title="bbox 350 3775 1566 3854; baseline -0.003 -19"><span class='ocrx_word' id='word_1_282' title='bbox 350 3778 382 3835; x_wconf 92' lang='lat' dir='ltr'>id</span> <span class='ocrx_word' id='word_1_283' title='bbox 393 3779 459 3835; x_wconf 88' lang='lat' dir='ltr'>fieri</span> <span class='ocrx_word' id='word_1_284' title='bbox 476 3795 562 3853; x_wconf 87' lang='lat' dir='ltr'>posse</span> <span class='ocrx_word' id='word_1_285' title='bbox 581 3780 700 3837; x_wconf 88' lang='lat' dir='ltr'>omuino</span> <span class='ocrx_word' id='word_1_286' title='bbox 715 3790 837 3852; x_wconf 83' lang='lat' dir='ltr'>negant.</span> <span class='ocrx_word' id='word_1_287' title='bbox 852 3780 1055 3837; x_wconf 84' lang='lat' dir='ltr'>Scholasticus</span> <span class='ocrx_word' id='word_1_288' title='bbox 1064 3780 1173 3837; x_wconf 84' lang='lat' dir='ltr'>deinde</span> <span class='ocrx_word' id='word_1_289' title='bbox 1185 3782 1299 3837; x_wconf 85' lang='lat' dir='ltr'>Romae</span> <span class='ocrx_word' id='word_1_290' title='bbox 1310 3782 1349 3837; x_wconf 93' lang='lat' dir='ltr'>ab</span> <span class='ocrx_word' id='word_1_291' title='bbox 1361 3796 1416 3854; x_wconf 84' lang='lat' dir='ltr'>ape</span> <span class='ocrx_word' id='word_1_292' title='bbox 1436 3775 1566 3837; x_wconf 83' lang='lat' dir='ltr'>societatis</span> 
     </span>
     <span class='ocr_line' id='line_1_34' title="bbox 351 3868 1564 3942; baseline -0.001 -20"><span class='ocrx_word' id='word_1_293' title='bbox 351 3875 466 3940; x_wconf 88' lang='lat' dir='ltr'>patrum</span> <span class='ocrx_word' id='word_1_294' title='bbox 479 3868 597 3925; x_wconf 89' lang='lat' dir='ltr'>omnino</span> <span class='ocrx_word' id='word_1_295' title='bbox 610 3868 756 3941; x_wconf 86' lang='lat' dir='ltr'>dejectus,</span> <span class='ocrx_word' id='word_1_296' title='bbox 769 3868 866 3925; x_wconf 82' lang='lat' dir='ltr'>datae</span> <span class='ocrx_word' id='word_1_297' title='bbox 879 3870 911 3925; x_wconf 90' lang='lat' dir='ltr'>in</span> <span class='ocrx_word' id='word_1_298' title='bbox 923 3869 1083 3925; x_wconf 83' lang='lat' dir='ltr'>amicitiam</span> <span class='ocrx_word' id='word_1_299' title='bbox 1096 3870 1296 3942; x_wconf 83' lang='lat' dir='ltr'>Hispanorum</span> <span class='ocrx_word' id='word_1_300' title='bbox 1310 3868 1502 3935; x_wconf 71' lang='lat' dir='ltr'>sacerdotnm</span> <span class='ocrx_word' id='word_1_301' title='bbox 1513 3883 1564 3924; x_wconf 88' lang='lat' dir='ltr'>cnm</span> 
     </span>
     <span class='ocr_line' id='line_1_35' title="bbox 349 3956 1565 4032; baseline -0.002 -21"><span class='ocrx_word' id='word_1_302' title='bbox 349 3956 409 4012; x_wconf 86' lang='lat' dir='ltr'>illis</span> <span class='ocrx_word' id='word_1_303' title='bbox 422 3958 509 4014; x_wconf 85' lang='lat' dir='ltr'>simul</span> <span class='ocrx_word' id='word_1_304' title='bbox 523 3957 554 4014; x_wconf 89' lang='lat' dir='ltr'>in</span> <span class='ocrx_word' id='word_1_305' title='bbox 567 3966 682 4014; x_wconf 86' lang='lat' dir='ltr'>nostros</span> <span class='ocrx_word' id='word_1_306' title='bbox 707 3958 791 4031; x_wconf 87' lang='lat' dir='ltr'>quasi</span> <span class='ocrx_word' id='word_1_307' title='bbox 814 3958 965 4014; x_wconf 86' lang='lat' dir='ltr'>insaniens</span> <span class='ocrx_word' id='word_1_308' title='bbox 984 3966 1126 4014; x_wconf 85' lang='lat' dir='ltr'>sexcenta</span> <span class='ocrx_word' id='word_1_309' title='bbox 1144 3958 1218 4030; x_wconf 88' lang='lat' dir='ltr'>jacit</span> <span class='ocrx_word' id='word_1_310' title='bbox 1238 3958 1409 4017; x_wconf 84' lang='lat' dir='ltr'>convicia...</span> <span class='ocrx_word' id='word_1_311' title='bbox 1428 3959 1530 4032; x_wconf 81' lang='lat' dir='ltr'>Itaque,</span> <span class='ocrx_word' id='word_1_312' title='bbox 1541 3961 1565 4009; x_wconf 90' lang='lat' dir='ltr'>ut</span> 
     </span>
     <span class='ocr_line' id='line_1_36' title="bbox 350 4046 1565 4121; baseline -0.001 -20"><span class='ocrx_word' id='word_1_313' title='bbox 350 4046 482 4101; x_wconf 86' lang='lat' dir='ltr'>breviter</span> <span class='ocrx_word' id='word_1_314' title='bbox 494 4046 680 4118; x_wconf 86' lang='lat' dir='ltr'>concludam,</span> <span class='ocrx_word' id='word_1_315' title='bbox 695 4047 807 4121; x_wconf 86' lang='lat' dir='ltr'>aliquot</span> <span class='ocrx_word' id='word_1_316' title='bbox 818 4046 926 4103; x_wconf 82' lang='lat' dir='ltr'>diebus</span> <span class='ocrx_word' id='word_1_317' title='bbox 940 4047 1108 4119; x_wconf 87' lang='lat' dir='ltr'>transactis,</span> <span class='ocrx_word' id='word_1_318' title='bbox 1122 4046 1258 4121; x_wconf 84' lang='lat' dir='ltr'>dolisque</span> <span class='ocrx_word' id='word_1_319' title='bbox 1270 4046 1408 4117; x_wconf 86' lang='lat' dir='ltr'>detectis,</span> <span class='ocrx_word' id='word_1_320' title='bbox 1430 4046 1565 4103; x_wconf 82' lang='lat' dir='ltr'>Navarien·</span> 
     </span>
     <span class='ocr_line' id='line_1_37' title="bbox 285 4121 1564 4207; baseline -0.001 -17"><span class='ocrx_word' id='word_1_321' title='bbox 285 4121 291 4139; x_wconf 54' lang='lat'><strong><em>²</em></strong></span> <span class='ocrx_word' id='word_1_322' title='bbox 352 4134 394 4190; x_wconf 84' lang='lat' dir='ltr'>sis</span> <span class='ocrx_word' id='word_1_323' title='bbox 407 4135 455 4191; x_wconf 90' lang='lat' dir='ltr'>hic</span> <span class='ocrx_word' id='word_1_324' title='bbox 468 4136 506 4191; x_wconf 87' lang='lat' dir='ltr'>ab</span> <span class='ocrx_word' id='word_1_325' title='bbox 523 4136 614 4192; x_wconf 90' lang='lat' dir='ltr'>Urbis</span> <span class='ocrx_word' id='word_1_326' title='bbox 631 4137 830 4207; x_wconf 83' lang='lat' dir='ltr'>gubernatore</span> <span class='ocrx_word' id='word_1_327' title='bbox 842 4135 1064 4191; x_wconf 87' lang='lat' dir='ltr'>calumniatoris</span> <span class='ocrx_word' id='word_1_328' title='bbox 1087 4135 1212 4191; x_wconf 83' lang='lat' dir='ltr'>crimine</span> <span class='ocrx_word' id='word_1_329' title='bbox 1232 4135 1425 4192; x_wconf 86' lang='lat' dir='ltr'>damnatus...</span> <span class='ocrx_word' id='word_1_330' title='bbox 1448 4138 1483 4191; x_wconf 88' lang='lat' dir='ltr'>ab</span> <span class='ocrx_word' id='word_1_331' title='bbox 1501 4133 1564 4191; x_wconf 83' lang='lat' dir='ltr'>Urbe</span> 
     </span>
     <span class='ocr_line' id='line_1_38' title="bbox 350 4220 1561 4298; baseline 0.003 -20"><span class='ocrx_word' id='word_1_332' title='bbox 350 4220 471 4279; x_wconf 87' lang='lat' dir='ltr'>demum</span> <span class='ocrx_word' id='word_1_333' title='bbox 484 4226 662 4295; x_wconf 81' lang='lat' dir='ltr'>relegatur.»</span> <span class='ocrx_word' id='word_1_334' title='bbox 676 4224 723 4280; x_wconf 88' lang='lat' dir='ltr'>Cf.</span> <span class='ocrx_word' id='word_1_335' title='bbox 738 4226 835 4298; x_wconf 82' lang='lat' dir='ltr'>Epist.</span> <span class='ocrx_word' id='word_1_336' title='bbox 848 4224 973 4290; x_wconf 64' lang='lat' dir='ltr'>Mittas,</span> <span class='ocrx_word' id='word_1_337' title='bbox 988 4226 1010 4295; x_wconf 89' lang='lat' dir='ltr'>l,</span> <span class='ocrx_word' id='word_1_338' title='bbox 1027 4237 1117 4294; x_wconf 86' lang='lat'>11·14.</span> <span class='ocrx_word' id='word_1_339' title='bbox 1129 4223 1306 4281; x_wconf 87' lang='lat' dir='ltr'>Consalvius</span> <span class='ocrx_word' id='word_1_340' title='bbox 1319 4242 1391 4281; x_wconf 85' lang='lat' dir='ltr'>vero</span> <span class='ocrx_word' id='word_1_341' title='bbox 1400 4220 1561 4282; x_wconf 62' lang='lat' dir='ltr'>Memoriae,</span> 
     </span>
     <span class='ocr_line' id='line_1_39' title="bbox 354 4312 1561 4385; baseline -0.002 -18"><span class='ocrx_word' id='word_1_342' title='bbox 354 4330 386 4368; x_wconf 92' lang='lat' dir='ltr'>n.</span> <span class='ocrx_word' id='word_1_343' title='bbox 403 4312 450 4383; x_wconf 85' lang='lat'>69,</span> <span class='ocrx_word' id='word_1_344' title='bbox 464 4330 557 4385; x_wconf 83' lang='lat' dir='ltr'>agens</span> <span class='ocrx_word' id='word_1_345' title='bbox 570 4313 607 4369; x_wconf 91' lang='lat' dir='ltr'>de</span> <span class='ocrx_word' id='word_1_346' title='bbox 622 4314 765 4371; x_wconf 73' lang='lat' dir='ltr'>Michaele</span> <span class='ocrx_word' id='word_1_347' title='bbox 778 4313 922 4385; x_wconf 88' lang='lat' dir='ltr'>Navarro,</span> <span class='ocrx_word' id='word_1_348' title='bbox 937 4329 995 4370; x_wconf 90' lang='lat' dir='ltr'>non</span> <span class='ocrx_word' id='word_1_349' title='bbox 1012 4314 1096 4369; x_wconf 87' lang='lat' dir='ltr'>illum</span> <span class='ocrx_word' id='word_1_350' title='bbox 1109 4315 1140 4370; x_wconf 91' lang='lat' dir='ltr'>in</span> <span class='ocrx_word' id='word_1_351' title='bbox 1152 4314 1333 4370; x_wconf 86' lang='lat' dir='ltr'>Societatem</span> <span class='ocrx_word' id='word_1_352' title='bbox 1351 4314 1504 4370; x_wconf 81' lang='lat' dir='ltr'>admissum</span> <span class='ocrx_word' id='word_1_353' title='bbox 1513 4326 1561 4365; x_wconf 77' lang='lat' dir='ltr'>etse</span> 
     </span>
     <span class='ocr_line' id='line_1_40' title="bbox 351 4400 1560 4476; baseline -0.003 -21"><span class='ocrx_word' id='word_1_354' title='bbox 351 4400 437 4472; x_wconf 88' lang='lat' dir='ltr'>dicit,</span> <span class='ocrx_word' id='word_1_355' title='bbox 452 4401 506 4457; x_wconf 86' lang='lat' dir='ltr'>sed</span> <span class='ocrx_word' id='word_1_356' title='bbox 518 4402 596 4458; x_wconf 89' lang='lat' dir='ltr'>domi</span> <span class='ocrx_word' id='word_1_357' title='bbox 612 4411 773 4476; x_wconf 85' lang='lat' dir='ltr'>receptum:</span> <span class='ocrx_word' id='word_1_358' title='bbox 789 4405 891 4459; x_wconf 73' lang='lat' dir='ltr'>‹rhasta</span> <span class='ocrx_word' id='word_1_359' title='bbox 903 4404 1046 4459; x_wconf 88' lang='lat' dir='ltr'>recebillo</span> <span class='ocrx_word' id='word_1_360' title='bbox 1063 4421 1101 4459; x_wconf 88' lang='lat' dir='ltr'>en</span> <span class='ocrx_word' id='word_1_361' title='bbox 1118 4420 1215 4460; x_wconf 80' lang='lat' dir='ltr'>casa.»</span> <span class='ocrx_word' id='word_1_362' title='bbox 1233 4404 1341 4460; x_wconf 89' lang='lat' dir='ltr'>Utrum</span> <span class='ocrx_word' id='word_1_363' title='bbox 1359 4420 1431 4458; x_wconf 87' lang='lat' dir='ltr'>vero</span> <span class='ocrx_word' id='word_1_364' title='bbox 1444 4403 1493 4459; x_wconf 86' lang='lat' dir='ltr'>hac</span> <span class='ocrx_word' id='word_1_365' title='bbox 1503 4401 1560 4457; x_wconf 80' lang='lat' dir='ltr'>toeu·</span> 
     </span>
     <span class='ocr_line' id='line_1_41' title="bbox 357 4486 1558 4567; baseline 0.004 -22"><span class='ocrx_word' id='word_1_366' title='bbox 357 4490 448 4559; x_wconf 88' lang='lat' dir='ltr'>tione,</span> <span class='ocrx_word' id='word_1_367' title='bbox 462 4508 538 4565; x_wconf 87' lang='lat' dir='ltr'>quae</span> <span class='ocrx_word' id='word_1_368' title='bbox 551 4491 690 4564; x_wconf 83' lang='lat' dir='ltr'>ambigua</span> <span class='ocrx_word' id='word_1_369' title='bbox 703 4502 760 4561; x_wconf 87' lang='lat' dir='ltr'>est,</span> <span class='ocrx_word' id='word_1_370' title='bbox 776 4492 904 4549; x_wconf 89' lang='lat' dir='ltr'>voluerit</span> <span class='ocrx_word' id='word_1_371' title='bbox 916 4492 946 4547; x_wconf 92' lang='lat' dir='ltr'>id</span> <span class='ocrx_word' id='word_1_372' title='bbox 963 4492 1132 4564; x_wconf 82' lang='lat' dir='ltr'>significare</span> <span class='ocrx_word' id='word_1_373' title='bbox 1149 4493 1228 4567; x_wconf 90' lang='lat' dir='ltr'>quod</span> <span class='ocrx_word' id='word_1_374' title='bbox 1244 4490 1444 4548; x_wconf 86' lang='lat' dir='ltr'>Ribadeneira</span> <span class='ocrx_word' id='word_1_375' title='bbox 1454 4486 1558 4550; x_wconf 68' lang='lat' dir='ltr'>adstruit,</span> 
     </span>
     <span class='ocr_line' id='line_1_42' title="bbox 357 4580 655 4637; baseline 0.007 -2"><span class='ocrx_word' id='word_1_376' title='bbox 357 4580 445 4635; x_wconf 86' lang='lat' dir='ltr'>nobis</span> <span class='ocrx_word' id='word_1_377' title='bbox 459 4596 517 4637; x_wconf 88' lang='lat' dir='ltr'>non</span> <span class='ocrx_word' id='word_1_378' title='bbox 530 4589 655 4637; x_wconf 87' lang='lat' dir='ltr'>constat.</span> 
     </span>
    </p>
   </div>
   <div class='ocr_carea' id='block_1_8' title="bbox 0 0 1761 5367">
    <p class='ocr_par' dir='ltr' id='par_1_12' title="bbox 0 0 1761 5367">
     <span class='ocr_line' id='line_1_43' title="bbox 0 0 1761 5367; baseline 0 0"><span class='ocrx_word' id='word_1_379' title='bbox 0 0 1761 5367; x_wconf 95' lang='lat' dir='ltr'> </span> 
     </span>
    </p>
   </div>
  </div>
 </body>
</html>
