3500 5367
837 1160 880 1213 111

556 1322 653 1365 INDEX
674 1322 853 1367 GENERALlS
873 1324 973 1379 nujus
991 1324 1162 1369 voturtltrls

1399 1464 1465 1519 Pan.

244 1557 389 1615 Praelatio
404 1552 418 1617 ,⁵
424 1600 1383 1619 ......................................................
1386 1526 1476 1639 *g

245 1647 358 1705 Notitia
370 1649 505 1707 codicum
519 1668 556 1706 ex
565 1650 674 1725 quibus
684 1652 861 1709 documenta
873 1652 904 1708 in
913 1654 968 1708 hoc
979 1670 1067 1725 opere
1078 1651 1157 1708 edita
1167 1652 1386 1726 depromuntur.
1445 1668 1477 1725 17

504 1785 642 1842 8111111
661 1800 704 1843 os
723 1786 755 1842 S.
776 1789 910 1843 lauacro
929 1800 971 1842 na
991 1788 1123 1843 Lououa

261 1928 273 1969 1
296 1919 372 1974 Acta
389 1919 423 1973 P.
443 1921 552 1991 Ignatii
571 1930 604 1977 vt
623 1921 749 1995 primurn
768 1920 886 1993 scripsit
904 1921 936 1977 P.
957 1920 1125 1977 Ludouicus
1139 1922 1287 1978 Gonzales
1306 1920 1385 1976 exci-

330 2008 416 2082 piens
429 2026 467 2065 ex
479 2026 530 2066 ore
547 2011 640 2085 ipsius
659 2009 755 2067 Patris
761 2049 1380 2068 ...................................
1439 2012 1471 2069 31

259 2095 430 2167 2Epistola
442 2098 476 2154 P.
492 2098 596 2170 Jacobi
609 2096 705 2155 Lainii
716 2099 755 2155 de
769 2100 800 2155 S.
814 2098 932 2171 ignatio
942 2138 1381 2157 ......................
1440 2102 1475 2171 98

295 2181 384 2240 Aliud
398 2184 533 2256 ejusdem
546 2186 688 2259 epistolae
698 2188 898 2259 apographum
904 2226 1378 2244 ...........................
1423 2202 1474 2261 129

259 2272 277 2327 3
295 2274 466 2329 Memoriale
480 2274 512 2333 P.
529 2274 672 2331 Ludovici
684 2275 837 2332 Consalvii
848 2276 887 2331 de
900 2275 1024 2331 Camars
1030 2316 1380 2334 ....................
1394 2306 1397 2317 ι
1424 2276 1474 2348 153

260 2377 278 2431 4
296 2362 394 2418 Patris
407 2363 487 2419 Petri
500 2364 708 2439 Ribadeneyra
721 2364 758 2420 de
772 2364 846 2420 actis
859 2366 956 2421 Patris
968 2366 1061 2421 nostri
1079 2366 1188 2437 Ignatii
1195 2404 1380 2422 ..........
1422 2364 1473 2437 337

261 2466 277 2521 5
297 2452 385 2508 Dicta
397 2462 429 2509 et
441 2453 519 2510 iacta
532 2453 562 2511 S.
577 2454 685 2526 Ignatii
699 2473 716 2510 a
728 2456 764 2513 P.
777 2450 1111 2525 Ribadeneira'collecta
1121 2494 1378 2513 ...............
1421 2456 1474 2528 393

259 2542 276 2597 6
296 2543 343 2599 De
356 2543 480 2612 ratione,
495 2562 582 2617 quam
596 2545 627 2600 in
638 2544 832 2617 gubernando
845 2546 967 2600 tenebat
979 2545 1113 2615 Ignatius
1120 2584 1376 2602 ...............
1419 2561 1469 2617 441

257 2644 274 2701 7
294 2632 371 2688 Acta
382 2632 527 2706 quaedam
540 2634 574 2694 P.
589 2635 627 2688 Ν.
641 2634 750 2713 Ignatii
763 2652 779 2688 a
796 2633 830 2689 P.
850 2634 948 2690 Natali
955 2672 1373 2691 ........................
1417 2650 1467 2706 471

257 2726 275 2775 8
294 2719 461 2778 Dictamina
474 2721 505 2779 S.
521 2724 558 2778 P.
575 2723 683 2795 ignatii
695 2721 845 2795 generalia
858 2724 983 2778 collecta
995 2741 1011 2778 a
1023 2724 1110 2778 Patre
1122 2722 1255 2778 L'ancitio
1261 2762 1375 2778 ......
1417 2726 1470 2795 476

258 2825 275 2879 9
293 2810 458 2883 Responsio
471 2812 504 2865 P.
520 2811 650 2867 blanarei
663 2811 700 2867 ad
712 2811 855 2885 quaedam
870 2811 1000 2867 Lancicii
1018 2814 1163 2885 postulata
1170 2851 1357 2867 ...........
1364 2834 1374 2867 r.
1418 2815 1471 2883 506

241 2912 276 2955 ro
294 2900 496 2957 Memorabilia
509 2900 546 2956 de
560 2910 663 2957 sancto
676 2900 791 2973 Ignatio
803 2918 820 2956 1
832 2902 865 2956 P.
886 2902 1007 2957 Nicolao
1026 2900 1164 2957 Lancicio
1174 2902 1322 2957 collecta..
1334 2940 1342 2957 .
1353 2945 1358 2957 .
1371 2944 1376 2959 .
1418 2915 1470 2973 515

241 3001 271 3044 11
293 2991 340 3049 De
354 2990 510 3063 Azpeitiae
523 2990 726 3063 indigentibus
738 2990 931 3046 sublevandis
938 3029 1375 3047 ........................
1418 2992 1470 3061 536

240 3094 273 3136 12
291 3079 501 3140 Ordinationes
511 3100 564 3155 pro
577 3081 769 3138 sublevandis
783 3081 937 3154 Azpeitiae
951 3083 1129 3155 pauperibus
1136 3121 1359 3139 .............
1419 3082 1470 3152 539

240 3168 273 3225 13
292 3169 411 3229 Titulus
426 3186 477 3243 pro
490 3170 582 3227 sacris
595 3170 747 3227 ordinibus
761 3170 958 3244 suscipiendis
973 3170 1002 3226 11
1016 3170 1147 3225 favorem
1162 3170 1271 3242 Ignatii
1289 3180 1320 3226 et
1336 3186 1381 3227 so·

323 3260 436 3317 ciorum
449 3260 514 3333 ejus
521 3300 958 3318 .........................
966 3324 968 3329 ,
971 3300 1371 3317 .......................
1414 3261 1466 3332 543

238 3362 270 3419 14
289 3348 431 3407 Facultas
444 3351 561 3423 1311111
573 3366 715 3408 concessa
728 3349 914 3422 praedicandi
930 3360 960 3405 et
974 3349 1132 3405 exercendi
1150 3350 1208 3405 alia
1225 3366 1308 3405 sacra
1326 3350 1376 3405 mi·

324 3440 446 3497 nisteria
460 3439 628 3511 (inditione
645 3438 763 3509 veneta)
771 3478 1370 3495 ..................................
1413 3432 1466 3519 546
1504 3464 1505 3467 “

239 3541 271 3598 15
292 3531 429 3586 Facultas
442 3530 559 3601 Ignatio
571 3529 694 3603 ejusque
708 3528 797 3585 sociis
810 3544 950 3585 concessa
964 3528 1152 3601 praedicandi
1170 3538 1200 3583 et
1218 3528 1376 3585 exercendi

324 3617 381 3675 alia
394 3636 477 3676 sacra
490 3620 654 3676 ministeria
669 3618 788 3692 (ubique
802 3620 944 3688 locorum)
950 3657 1370 3675 ........................
1413 3622 1465 3690 548

238 3706 271 3763 16
295 3708 432 3765 Facultas
454 3709 491 3765 ad
508 3708 659 3765 obeundas
679 3709 846 3776 missiones,
865 3724 1034 3781 novumque
1052 3708 1180 3763 officium
1199 3707 1382 3764 recitandum

322 3797 403 3854 Patri
416 3798 533 3870 ignatio
546 3814 599 3870 pro
613 3797 763 3853 Societate
777 3798 849 3868 Jesu
866 3796 934 3853 data
939 3836 1374 3855 .........................
1416 3812 1468 3869 550

236 3900 267 3957 17
288 3889 425 3944 Facultaa
437 3886 612 3943 absoluendi
625 3888 664 3942 ab
676 3887 792 3942 haeresi
805 3895 836 3941 et
849 3884 1039 3958 dispensandi
1054 3886 1083 3941 in
1097 3884 1215 3942 ieiuniis
1222 3926 1373 3943 .........
1386 3904 1388 3913 ·
1415 3902 1464 3958 551

235 3977 267 4032 18
286 3977 441 4033 Relaxatio
450 3976 641 4049 obligationis
658 3976 791 4031 divinum
811 3975 941 4031 officium
961 3974 1104 4031 recitandi
1123 3976 1152 4030 in
1166 3974 1297 4032 favorem
1312 3976 1370 4033 ΡΡ.

322 4066 430 4139 Ignatii
443 4076 475 4124 et
487 4065 592 4122 Didaci
605 4065 643 4121 de
655 4065 750 4137 Eguia
758 4105 852 4121 ......
864 4108 867 4115 .
882 4104 1374 4121 ............................
1416 4081 1467 4138 551

236 4170 268 4225 19
287 4156 444 4230 Cooptatio
457 4158 515 4212 Sti.
534 4155 643 4227 lgnatii
656 4156 687 4211 in
699 4154 886 4211 sodalitatem
900 4154 1028 4227 Spiritus
1042 4154 1143 4210 Sancti
1150 4194 1373 4211 .............
1415 4170 1467 4226 554

233 4260 270 4302 20
290 4246 426 4303 Licentia
444 4245 618 4303 extrahendi
635 4253 804 4301 sanctorum
822 4242 963 4317 reliquias
982 4260 1018 4298 ex
1038 4244 1128 4299 Urbis
1147 4244 1281 4300 ecclesiis
1300 4245 1379 4301 Patri

322 4336 671 4408 Ignatioconceasa.....·
679 4373 884 4391 ............
893 4330 895 4337 ’
896 4372 1373 4392 ...........................
1415 4337 1467 4405 558

235 4440 265 4481 21
289 4425 443 4498 Quaedam
457 4425 494 4481 ad
507 4424 538 4480 S.
553 4424 700 4496 Ignatium
715 4424 792 4479 circa
807 4431 919 4492 vestes,
934 4421 1093 4492 incessum,
1108 4422 1231 4495 ejusque
1249 4422 1380 4495 corporis

196 4555 201 4563 ·
321 4517 434 4571 cultum
453 4514 618 4588 spectantia
628 4551 1374 4570 ..........................................
1416 4528 1468 4584 559

233 4618 268 4661 22
289 4606 441 4678 Quaedam
455 4604 492 4660 de
506 4604 616 4661 Sancto
628 4604 745 4676 Ignatio
759 4622 775 4659 a
789 4602 951 4658 Benedicto
971 4603 1083 4657 Maroni
1101 4611 1216 4658 narrata
1223 4643 1373 4658 .........
1416 4606 1464 4674 561

230 4694 265 4751 23
283 4694 352 4751 Tria
364 4694 441 4751 iacta
454 4696 548 4751 sancti
561 4693 668 4765 ignatii
679 4731 1368 4750 .......................................
1411 4692 1463 4762 566
