3500 5367
362 438 396 494 30
743 436 952 489 Monononm
971 435 1151 491 lonarmna

324 612 383 669 pro
402 588 598 665 ‹<Manareo»]
615 590 721 647 domui
735 588 926 664 probationis
940 586 1074 645 Tomaci
1100 606 1170 647 cum
1194 597 1276 647 esset
1295 591 1434 649 visitator
1452 594 1575 650 utrius-

322 718 388 776 que
402 700 613 757 Germaniae.»

388 807 449 864 Res
464 806 601 863 continet
611 805 650 862 ad
665 804 695 861 S.
711 804 863 880 ignatium
878 811 1063 877 spectantes;
1078 806 1244 879 praecipue
1260 823 1334 863 vero
1347 814 1419 863 sunt
1430 814 1575 879 sequen·

332 923 389 973 tes:

385 1022 416 1079 ff.
432 1020 531 1092 4-26r.
547 1019 784 1094 Autographum
798 1017 1004 1091 ephemeridis
1016 1017 1045 1076 S.
1061 1017 1094 1074 P.
1110 1018 1149 1076 N.
1166 1018 1284 1094 Ignatii,
1302 1021 1332 1077 in
1346 1038 1440 1093 quam
1455 1022 1571 1079 referc-

325 1130 380 1189 bat
393 1130 511 1186 interna
525 1128 637 1185 mentis
652 1143 754 1196 sensa,
769 1125 844 1182 dum
857 1122 1099 1182 Constimtiones
1115 1126 1275 1184 conderet.

387 1236 418 1293 ff.
435 1236 507 1311 263
512 1253 538 1311 3.
582 1232 768 1313 Constitutio
788 1231 818 1290 S.
835 1230 944 1307 Ignatii
958 1232 999 1289 d'e
1013 1233 1220 1307 applicatione
1235 1233 1389 1291 bonorum
1408 1242 1569 1309 tempora·

328 1344 410 1401 lium.
426 1341 595 1416 Quomodo
612 1339 739 1415 collegia
754 1355 823 1396 sese
838 1346 945 1396 mutuo
961 1339 1108 1413 adjuvare
1123 1340 1268 1399 debeant.
1287 1339 1368 1399 Cura
1386 1341 1568 1400 adhibenda

249 1506 253 1515 ‚
324 1468 346 1508 a
360 1449 512 1509 Societate
526 1449 599 1523 Jesu
614 1448 694 1505 circa
709 1463 799 1504 suum
825 1447 1035 1520 praepositum
1049 1448 1233 1523 generalem.
1258 1448 1389 1507 Peccata
1410 1456 1568 1508 reservata

250 1534 253 1541 Ι
331 1560 362 1615 in
377 1558 538 1616 Societate.
554 1556 675 1612 Diversi
689 1553 773 1611 modi
788 1554 836 1610 vel
852 1553 967 1628 gradus
981 1553 1185 1613 obedientiae.

387 1664 418 1723 ff.
433 1663 559 1738 42vo7.
601 1662 693 1719 Dicta
713 1669 744 1718 et
759 1661 838 1718 facta
853 1660 886 1719 P.
901 1660 939 1718 N.
955 1660 1073 1736 Ignatii.

388 1771 525 1829 Maxima
540 1778 810 1829 monumentorum
825 1785 896 1842 pars
911 1769 1071 1841 hispanico
1090 1786 1232 1827 sermone
1244 1771 1358 1844 scripta
1373 1778 1428 1829 est.

854 1969 1035 2035 Codexch.

384 2150 572 2221 Mechliniae,
587 2151 617 2205 in
631 2150 751 2205 archivo
764 2148 1022 2221 archiepiscopalis
1035 2150 1145 2221 palatii.

396 2305 466 2365 Cod.
484 2304 627 2363 Mechlin.
644 2304 802 2363 JL-Vot.
818 2302 855 2361 in'
865 2304 915 2362 fol.
931 2305 1049 2375 minori,
1064 2305 1199 2381 ligatum.

391 2414 550 2487 Inscriptio
566 2432 583 2471 a
598 2421 685 2489 tergo
700 2414 730 2471 in
746 2421 862 2470 tessera
877 2410 978 2469 rubra:
1002 2412 1142 2471 «Indices
1160 2413 1166 2486 Ι
1184 2415 1264 2472 circa
1281 2414 1288 2487 l
1305 2414 1335 2473 S.
1352 2414 1425 2488 Jesu
1443 2414 1447 2492 Ι
1466 2416 1561 2473 lllss.»

389 2522 445 2578 Est
458 2521 517 2578 vol.
533 2520 672 2596 ejusdem
685 2519 747 2577 fere
762 2519 958 2594 magitudinis
978 2536 1014 2577 ac
1033 2518 1103 2577 Cod.
1125 2518 1266 2577 Mechlin.
1282 2520 1317 2591 J.,
1335 2522 1391 2579 sed
1412 2522 1482 2581 folia
1497 2541 1561 2580 non

328 2637 411 2701 sunt,
427 2637 460 2687 ut
479 2630 509 2686 in
525 2629 586 2699 ille,
601 2628 735 2685 numeris
750 2628 879 2701 signata.

386 2736 474 2795 Haec
489 2744 560 2794 sunt
573 2740 781 2804 monumenta,
797 2732 909 2806 quibus
923 2733 1077 2790 coalescit:
1101 2732 1128 2810 1)
1148 2732 1325 2811 CataloguS‚
1346 2737 1376 2793 in
1396 2754 1459 2809 quo
1475 2737 1561 2794 colli-

322 2853 439 2922 guntur
448 2844 525 2914 libri,
540 2842 697 2917 epistolae,
711 2841 831 2915 aliaque
845 2841 1045 2898 instrumenta
1060 2859 1116 2915 pro
1130 2842 1283 2901 Societate
1295 2844 1432 2915 jesuve}
1452 2854 1560 2903 contra

324 2954 424 3027 ipsam
439 2952 551 3025 scripta
565 2950 622 3008 sub
638 2950 736 3023 primo
750 2948 884 3023 generali
899 2947 929 3005 S.
945 2948 1065 3024 lgnatio
1080 2949 1119 3006 de
1134 2950 1263 3025 Loyola.
1280 2950 1310 3026 2)
1328 2951 1429 3008 lodex
1448 2970 1560 3023 rerum,

328 3061 452 3133 quaein
467 3057 652 3131 quibusdam
666 3056 801 3113 armariis
816 3056 930 3113 archivi
946 3057 1063 3113 romani
1077 3055 1107 3113 S.
1120 3056 1145 3129 J.
1166 3058 1369 3116 inveniuntur:
1395 3058 1424 3134 3)
1443 3060 1559 3116 Exem-

328 3167 412 3241 plum
428 3166 577 3224 facultatis
598 3163 797 3238 praedicandi
822 3171 853 3220 et
877 3163 1044 3220 exercendi
1070 3180 1166 3235 sacra,
1188 3165 1307 3240 Ignatio
1322 3168 1452 3240 ejusque
1469 3168 1562 3225 sociis

329 3290 497 3332 concessae
523 3289 604 3329 anno
634 3281 665 3343 15
672 3284 717 3346 37.
735 3268 767 3346 4)
793 3269 968 3327 Facultates
982 3287 1150 3328 concessae
1164 3272 1197 3329 P.
1213 3271 1349 3330 Codurio
1371 3290 1453 3330 anno
1476 3284 1561 3349 1539.

331 3382 360 3459 5)
375 3380 525 3455 Suffragia
538 3387 569 3436 et
593 3378 801 3452 professiones
826 3376 944 3452 Ignatii,
957 3377 1091 3448 xaverii,
1112 3378 1137 3434 F
1139 3379 1213 3451 aon,
1229 3379 1337 3451 Lainii,
1363 3381 1517 3439 Rodericii
1530 3390 1563 3438 et

330 3486 465 3546 Codurii.
477 3484 508 3561 6)
523 3484 689 3559 Catalogus
701 3500 817 3553 eorum,
829 3484 881 3555 qui
894 3484 923 3540 in
935 3484 1063 3541 diversis
1075 3486 1240 3559 provinciis
1260 3487 1434 3545 facultatem
1445 3488 1561 3546 habent

330 3593 514 3653 admittendi
529 3592 663 3649 novitios
678 3590 839 3647 Societatis
852 3590 933 3663 Jesu.
