3500 5367
380 456 433 512 472
760 444 967 501 Monousnrn
987 444 1166 500 lemanna

253 604 254 609 ’
345 595 430 662 dixit
446 598 565 683 postea
582 607 621 661 ut
637 608 815 683 quaereret
833 600 873 663 P.
893 597 1025 664 Natalis
1040 597 1217 682 artificem,
1235 598 1294 683 qui
1310 597 1374 684 ipsi
1390 596 1476 663 illum
1491 617 1551 661 mo

346 713 449 780 larem
476 712 652 793 euelleret3
675 712 734 797 qui
762 734 868 798 quum
890 714 1005 780 firmas
1032 715 1173 779 haberet
1194 724 1229 782 et
1252 714 1403 801 integras
1427 712 1551 789 radices,

346 829 477 894 nullum
500 828 613 895 tanien
634 828 689 897 ille
709 828 835 895 doloris
851 829 958 897 edidit
977 828 1116 915 signum
1133 830 1192 896 ubi
1207 830 1349 896 euulsus
1371 832 1431 897 est.
1448 830 1554 894 Extra·

346 955 440 1008 ctum
462 942 622 1010 m'olarem
644 965 722 1009 cum
746 943 1129 1016 dissimulanteruellet
1151 944 1298 1011 retinere
1317 946 1358 1010 P.
1377 942 1508 1022 Natalis,
1525 954 1554 1009 et

345 1060 416 1144 ipse
432 1058 467 1125 id
476 1058 782 1141 animaduerteret,
797 1060 901 1145 jussit
917 1073 957 1127 ut
971 1059 1139 1142 reiiceret,
1157 1062 1250 1146 quod
1265 1060 1322 1126 hic
1339 1072 1407 1126 tam
1423 1058 1495 1127 fecit
1508 1078 1554 1123 se-

296 1246 298 1251 ,
345 1175 407 1255 rio,
422 1185 461 1240 ut
477 1176 571 1242 nulla
587 1174 764 1261 diligentia
776 1174 869 1242 illum
889 1187 1006 1262 postea
1019 1176 1168 1262 potuerit
1182 1176 1342 1262 reperire.
1359 1175 1501 1243 Tertium
1512 1183 1554 1241 est

344 1292 551 1377 exemplum,
566 1313 645 1358 eum
658 1293 826 1359 laboraret
843 1316 863 1360 e
878 1304 1023 1372 catarr0‚
1038 1304 1085 1371 et,
1104 1292 1245 1358 inuncto
1253 1295 1403 1379 Joannes
1417 1290 1554 1357 Paulus¹

346 1405 393 1470 illi
409 1407 497 1473 collo
518 1416 551 1473 et
572 1408 678 1473 altera
698 1429 792 1487 aure,
811 1418 965 1473 assueret
985 1407 1113 1475 lineum
1134 1429 1297 1493 pannum,
1316 1428 1425 1493 panno
1442 1428 1496 1491 per
1509 1425 1555 1469 so·

344 1521 493 1588 cordiam
511 1524 671 1588 assuebat
687 1521 788 1588 simul
804 1522 992 1589 auriculam
1007 1523 1131 1604 Patris3
1146 1524 1238 1607 quod
1254 1543 1333 1602 ¹cum
1349 1522 1405 1589 ille
1418 1519 1554 1597 sentiret,

343 1636 431 1703 dixit
452 1639 582 1704 sedate:
613 1648 650 1703 tu
675 1637 770 1719 mihi,
790 1642 942 1726 Joannes
968 1639 1086 1720 Paule,
1116 1640 1226 1706 assuis
1249 1639 1352 1705 simul
1374 1636 1553 1704 auriculam.

345 1756 463 1839 Quum
481 1756 549 1819 hoc
565 1755 621 1820 ille
636 1776 706 1819 non
723 1753 943 1841 intelligeret,
957 1776 1076 1821 rursus
1091 1757 1210 1823 eadem
1227 1756 1333 1821 verba
1348 1751 1488 1840 repetiit;
1503 1750 1556 1815 ita·

346 1890 424 1955 que⁴
430 1881 604 1955 permotus
620 1872 732 1935 bonus
749 1872 896 1957 loannes
913 1860 1044 1937 Paulus
1060 1870 1252 1939 necessario
1267 1870 1409 1939 destitit.

413 1986 598 2069 Nunquam
612 1972 802 2071 'quicquam
825 1986 922 2072 petiit
938 2009 959 2052 a
979 1986 1196 2072 pontificibus
1217 1986 1378 2066 romanis,
1396 1985 1483 2072 quod
1501 2002 1557 2047 non

348 2100 450 2168 fuerit
462 2110 706 2185 consequutus.
1376 2112 1382 2123 ’

415 2217 452 2281 ln
474 2214 584 2281 missis
604 2215 812 2303 percipiebat
833 2240 992 2304 magnam
1014 2217 1281 2285 consolationem
1298 2228 1333 2285 et
1348 2212 1556 2296 rerumdiui·

348 2352 468 2397 narum
485 2352 623 2397 sensum
640 2331 813 2413 eximium,
833 2332 948 2417 itaque
964 2332 1146 2418 aliquando
1162 2334 1352 2420 cogebatur
1372 2332 1501 2399 missam
1514 2329 1556 2393 in·

349 2446 546 2528 termittere3
566 2470 644 2515 nam
660 2446 716 2513 illa
737 2460 809 2515 erat
831 2460 899 2515 tarn
918 2451 1106 2517 uehemens
1127 2448 1322 2530 commotio,
1341 2459 1380 2515 ut
1395 2450 1481 2513 vires
1494 2466 1557 2512 cor·

347 2562 437 2649 poris
454 2584 494 2629 ac
510 2562 740 2632 valetudinem
758 2565 943 2630 admodum
955 2565 1147 2632 debilitaret
1164 2578 1268 2651 atque
1284 2565 1462 2651 affligeret.

414 2680 502 2745 Cum
519 2678 606 2745 alius
622 2679 750 2748 diceret
766 2702 804 2746 se
819 2692 949 2766 puncta
965 2682 1120 2767 accipere
1136 2681 1320 2767 superioris
1335 2680 1416 2761 diei,
1434 2680 1516 2746 vnde
1529 2676 1556 2741 in

347 2795 502 2862 oratione
517 2806 552 2861 et
568 2795 689 2881 spiritu
706 2798 918 2881 procederet,
938 2798 1010 2883 ipse
1026 2797 1126 2864 dixit:
1153 2810 1188 2863 at
1203 2818 1271 2884 ego
1286 2796 1346 2862 vbi
1361 2807 1396 2863 et
1412 2792 1557 2882 quemad·

348 2914 486 2978 modum
506 2913 583 2977 uolo
599 2912 738 2980 inuenio
755 2912 984 2981 deuotionem.

414 3028 576 3095 Actuatio
593 3028 667 3096 eius
680 3041 845 3114 perpetua
857 3029 1009 3115 spirituS,
1025 3041 1062 3095 ut
1078 3040 1169 3097 esset
1182 3050 1362 3098 necessum
1376 3027 1557 3097 diuerticula

348 3165 513 3229 quaerere
530 3156 564 3211 et
581 3144 654 3209 aliis
671 3146 714 3212 de
730 3146 833 3211 rebus
848 3167 964 3231 agere.

416 3261 453 3325 ln
482 3260 641 3327 omnibus
670 3262 772 3328 rebus
794 3264 906 3327 Deum
933 3261 1142 3343 inueniebat;
1166 3260 1201 3327 in
1229 3260 1389 3348 negotiis,
1412 3257 1559 3326 incollo-

350 3374 451 3459 quiis

419 3491 719 3557 praesentissimae
740 3491 980 3576 exequutionis
1001 3503 1035 3559 et
1056 3493 1311 3561 efficacissimae
1332 3493 1398 3558 t'uit
1419 3492 1453 3558 in
1475 3491 1561 3558 rebus

350 3607 506 3692 agendis.

418 3722 677 3790 Reuelationem
692 3724 809 3789 habuit
822 3725 914 3809 quod
926 3726 1076 3791 secunde
1089 3747 1243 3793 essemus
1251 3725 1443 3811 navigaturi
1456 3727 1492 3790 Ρ.
1503 3722 1561 3787 Lu·

351 3838 494 3905 douicus
510 3838 698 3905 Gonzalius
714 3850 748 3905 et
769 3841 808 3905 P.
828 3840 960 3907 Natalis
980 3840 1015 3906 in
1037 3840 1238 3927 Hispaniam
1255 3842 1279 3922 ³,
1298 3844 1391 3926 quod
1409 3834 1561 3907 P.·Natali

351 3954 527 4021 indicauit.
1021 3975 1023 3978 ’

419 4070 455 4135 ln
472 4070 552 4135 folio
570 4070 711 4136 taronici
731 4070 804 4159 [sic]
821 4070 1018 4138 inueniebat
1036 4072 1237 4140 Trinitatem
1261 4094 1375 4140 coram
1394 4074 1432 4140 P.
1450 4066 1559 4137 Natali.

352 4224 558 4242 Ἤ

405 4320 416 4347 ²
454 4314 559 4369 Utrum
572 4314 620 4369 hic
634 4314 722 4369 fuerit
740 4316 870 4386 Joannes
885 4316 994 4370 Paulus
1007 4314 1167 4383 Borrellus,
1182 4316 1274 4371 trater
1285 4317 1329 4371 rei
1340 4315 1514 4372 domesticae
1523 4309 1563 4364 ad·

350 4401 440 4475 jutor,
455 4420 492 4457 an
505 4401 590 4475 alius,
602 4402 726 4459 fortasse
740 4404 843 4458 eodem
858 4404 976 4459 nomine
990 4403 1160 4475 insignitus,
1170 4413 1251 4460 certo
1260 4404 1379 4478 quidem
1388 4403 1504 4460 definire
1515 4415 1562 4455 nou

351 4493 503 4552 audemus.
520 4493 643 4548 Borrelli
664 4510 734 4548 sane
752 4492 926 4565 simplicitas
938 4494 1077 4564 cognosci
1091 4502 1189 4565 potest
1202 4510 1238 4548 ex
1252 4493 1321 4562 illis,
1333 4511 1409 4566 quae
1422 4492 1505 4549 tradit
1515 4490 1562 4543 Po

351 4594 487 4651 ranem,
504 4582 630 4651 Chron„
657 4584 709 4653 lV,
724 4596 787 4653 590.

406 4674 417 4705 ³
455 4671 617 4729 Videantur
631 4674 731 4747 Epist.
750 4674 874 4742 Mixtaa,
886 4674 922 4745 V,
939 4672 999 4730 108.
