3500 5367
501 454 550 509 Da
569 466 663 511 ncrrs
682 454 713 511 S.
734 454 857 511 lonaru
876 469 897 509 n
915 452 1139 510 Rranoanriraa
1347 455 1401 526 357

189 608 301 675 huius
319 606 524 674 sanctissimi
541 606 606 673 uiri
622 617 694 675 tum
713 607 861 675 charitas
879 619 950 672 tum
967 607 1151 693 prudentia
1162 608 1273 695 magis
1284 610 1431 677 eluceat.

190 724 286 789 Curn
319 722 408 789 enim
436 722 567 791 uideret
596 744 834 809 permagnum·
850 744 926 791 esse
953 725 1083 791 Romae
1098 723 1256 808 luparum
1269 746 1427 811 gregem,

185 860 284 923 quae
296 862 338 909 ex
350 838 533 926 prostituta
545 838 709 925 pudicitia
722 850 903 924 quaestum
916 850 1133 923 quaererent,
1147 860 1190 907 ex
1203 839 1329 925 quibus
1342 862 1430 906 non·
1520 895 1524 902 .

188 956 308 1023 nullae
325 946 475 1033 tandem,
494 956 570 1023 Deo
590 953 794 1040 inspiratore
813 965 848 1021 et
869 955 971 1035 duce,
994 967 1161 1040 cuperent
1182 955 1369 1041 aliquando
1391 979 1428 1025 se

179 1095 231 1139 ex
248 1070 398 1138 colluuie
412 1070 468 1136 illa
480 1080 514 1137 et
524 1068 755 1155 impurissima
767 1068 824 1136 illa
836 1068 1044 1156 flagitiorum
1059 1070 1226 1157 uoragine
1238 1070 1274 1136 in
1287 1083 1425 1157 portum

183 1186 309 1253 salutis
325 1186 487 1272 recipere,
505 1186 600 1253 etad
615 1188 678 1252 has
694 1184 830 1271 quidem
847 1196 883 1254 et
904 1184 1140 1270 suscipiendas
1161 1196 1196 1254 et
1218 1187 1357 1255 alendas
1371 1187 1425 1253 in-

186 1303 348 1370 stitutum
365 1322 441 1369 esse
470 1303 597 1369 Romae
620 1301 863 1367 monasterium
893 1299 1000 1388 (quod
1028 1292 1294 1370 Conuersarum'
1312 1303 1423 1390 uulgo

185 1420 403 1506 appellatur),
422 1421 483 1486 sed
500 1430 613 1520 tamen
630 1442 671 1487 ea
690 1420 768 1507 lege
785 1430 822 1484 ut
839 1440 876 1485 se
892 1418 1029 1506 penitus
1047 1430 1206 1505 totasque
1222 1422 1299 1489 Deo
1319 1419 1355 1485 in
1371 1441 1427 1487 re·

182 1534 315 1621 ligione
341 1550 593 1615 consecrarent3
619 1556 659 1603 ac
684 1534 827 1622 proinde
847 1535 901 1618 iis,
932 1557 1020 1620 quae
1045 1535 1251 1602 matrimonii
1280 1534 1421 1613 uinculo
1526 1592 1530 1599 .

186 1649 305 1717 iuntae
322 1661 402 1718 sunt
417 1650 624 1730 et,.unitatis
641 1651 780 1720 foedere
797 1652 956 1737 abrupte,
969 1672 1096 1737 corpus
1111 1650 1272 1718 diuidunt
1289 1662 1325 1719 et
1341 1653 1422 1717 uul-

82 1814 85 1819 -
184 1778 284 1853 gant,
303 1788 447 1852 quarum
475 1768 564 1835 bene
592 1788 740 1853 magnus
755 1776 808 1834 est
829 1787 1006 1847 numerus,
1030 1767 1162 1833 nullum
1178 1788 1255 1835 esse
1270 1768 1419 1852 asylum,

179 1884 317 1949 nullum
331 1882 539 1969 perfugium,
558 1904 626 1969 quo
643 1904 680 1949 se
697 1882 863 1969 tantisper
878 1883 1076 1949 conferrent
1090 1884 1187 1963 dum,
1201 1882 1305 1951 rebus
1323 1903 1419 1949 com-

182 1997 317 2084 positis
347 1996 382 2063 in
410 1996 558 2084 gratiam
587 1997 784 2065 maritorum
814 1997 977 2079 redirent;
996 2019 1036 2064 ac
1052 2007 1232 2084 propterea
1248 2020 1324 2066 esse
1340 2019 1421 2084 per·
1493 2054 1497 2061 ,

182 2114 311 2180 multas
325 2136 367 2181 ex
384 2112 580 2181 huiusmodi
598 2112 819 2193 mulierculis
834 2134 923 2198 quae
939 2135 1119 2200 emergere
1134 2112 1273 2198 quidem
1286 2134 1330 2181 ex
1343 2114 1420 2181 fau-

181 2229 283 2295 cibus
297 2240 332 2295 et
349 2228 520 2315 explicare
535 2252 573 2299 se
589 2251 632 2297 ex
647 2229 847 2314 labyrintho
861 2228 919 2295 illo
931 2227 1176 2310 desiderarent,
1190 2230 1252 2297 sed
1265 2251 1336 2296 non
1347 2240 1419 2297 sta-

179 2346 243 2411 tim
260 2356 374 2415 tamen
391 2368 428 2413 se
448 2343 623 2431 asperitati
652 2344 954 2431 poenitentiaeque
974 2355 1161 2430 perpetuae
1183 2346 1227 2411 ad
1248 2345 1414 2414 eluendas

176 2462 273 2528 uitae
289 2472 429 2529 exactae
445 2461 563 2529 sordes
578 2461 714 2541 dedere3
733 2459 868 2528 curauit
885 2463 988 2527 Pater
1005 2473 1042 2526 ut
1058 2460 1155 2526 loeus
1175 2460 1298 2545 aliquis
1314 2459 1415 2527 insti-

176 2587 335 2645 tueretur
350 2575 555 2657 communis,
573 2577 632 2661 qui
649 2576 807 2643 omnibus
829 2586 973 2662 pateret,
993 2597 1114 2642 omnes
1134 2577 1411 2661 amplecteretur.

246 2693 335 2759 Cum
350 2704 466 2759 autem
481 2695 548 2758 hoc
567 2704 635 2759 tam
651 2692 745 2778 pium
763 2714 849 2778 opus
866 2690 1021 2778 plurimis
1044 2689 1254 2778 principibus
1283 2689 1366 2757 uiris
1380 2703 1414 2760 et

175 2807 334 2875 foeminis
347 2806 593 2894 proposuisset,
608 2828 753 2893 quorum
766 2806 889 2893 opibus
900 2806 1141 2886 conficeretur,
1155 2818 1191 2874 et
1203 2827 1322 2873 omnes
1335 2806 1412 2892 qui-

173 2924 256 2992 dem
273 2945 311 2989 se
326 2944 515 3009 propensos
541 2924 585 2989 ad
612 2922 801 2990 iuuandum
828 2923 1061 3007 ostenderent,
1091 2921 1120 2987 si
1148 2921 1226 3005 quis
1242 2931 1333 2989 esset
1350 2921 1409 3007 qui

176 3038 307 3125 primus
327 3038 474 3124 lapidem
503 3038 665 3118 mitteret,
695 3038 906 3123 mallentque
932 3036 1061 3123 singuli
1078 3037 1175 3122 sequi
1203 3046 1409 3122 praeeuntes

174 3154 261 3222 alios
272 3174 374 3239 quam
390 3153 522 3243 praeire
538 3153 776 3239 sequentibus
795 3164 829 3221 et
846 3153 881 3219 in
902 3156 967 3219 hac
982 3152 1240 3221 concertatione
1262 3154 1409 3218 multum

174 3258 534 3356 temporis‘contritum
547 3280 649 3351 essct;
663 3270 779 3350 Pater,
799 3281 836 3337 ut
853 3291 989 3361 omnem
1001 3268 1140 3335 diabolo
1153 3248 1406 3335 interturbandi

172 3397 242 3451 tam
258 3396 414 3451 sanctum
431 3406 519 3472 opus
535 3384 750 3451 occasionem
767 3384 991 3471 praecideret,
1010 3387 1101 3450 hanc
1118 3382 1285 3451 rationem
1302 3364 1406 3452 eirco-

171 3500 307 3585 gitauit:
326 3524 369 3568 ex
384 3524 464 3569 area
485 3502 631 3586 quadam
658 3513 787 3584 nostra,
817 3523 906 3586 quae
933 3512 1013 3569 ante
1040 3499 1222 3573 ecclesiam
1252 3511 1405 3566 nostram

172 3618 300 3683 Romae
316 3628 381 3695 est,
404 3618 443 3683 Ρ.
470 3620 594 3685 Petrus
621 3617 787 3685 Codatius
814 3639 856 3684 eo
884 3615 1022 3703 quidem
1045 3627 1211 3701 tempore,
1234 3614 1404 3681 cuniculis

167 3733 401 3801 subterraneis
416 3732 561 3814 effossis,
579 3732 712 3801 extrahi
733 3744 917 3801 curauerat
937 3734 1109 3819 ingentes,
1125 3731 1268 3817 lapides,
1286 3752 1329 3797 ex
1347 3752 1402 3796 ro·

170 3846 280 3915 manis
295 3848 402 3915 ruinis
414 3857 449 3915 et
466 3848 594 3915 insanis
615 3848 755 3916 molium
767 3848 1082 3915 substructionibus
1098 3858 1189 3915 terra
1206 3848 1351 3912 obrutos
1367 3856 1403 3912 et

168 3963 335 4047 sepultos.
353 3962 378 4029 li
398 3974 514 4032 autern
530 3964 660 4051 lapides
676 3964 820 4031 extracti
840 3964 875 4029 in
892 3965 1006 4049 platea
1030 3963 1087 4029 illa
1108 3963 1277 4031 iacebant.
1301 3963 1401 4027 Tunc

169 4079 271 4147 Pater
287 4080 390 4146 Petro
407 4078 553 4149 Codatio
565 4080 624 4147 ait:
643 4082 755 4149 vende
771 4080 913 4166 lapides,
933 4080 1047 4159 Petre,
1066 4092 1172 4163 atque
1186 4100 1230 4144 ex
1245 4076 1287 4143 iis
1303 4096 1399 4143 sum-

150 4215 255 4259 ·mam
273 4205 412 4262 centurn
428 4216 610 4263 aureorum
628 4195 713 4262 mihi
727 4197 820 4263 dato.
840 4182 930 4263 Cum
948 4195 1004 4264 ille
1020 4193 1171 4276 fecisset,
1194 4195 1298 4260 Pater
1314 4214 1398 4259 cen-

169 4320 238 4375 tum
260 4331 419 4377 nummos
439 4331 564 4380 aureos
585 4310 736 4398 capiens:
756 4334 838 4398 ego,
861 4310 984 4397 inquit,
1006 4331 1093 4397 opus
1113 4308 1252 4396 incipio;
1271 4329 1314 4374 en
1336 4326 1398 4375 too

167 4424 271 4493 aurei:
289 4424 319 4491 si
336 4446 437 4493 nemo
452 4436 506 4493 est
522 4425 580 4513 qui
596 4427 727 4495 anteire
746 4427 840 4507 uelit,
860 4449 916 4494 me
930 4427 1054 4492 ducem
1070 4435 1246 4509 sequatur.
1265 4422 1396 4491 Subse·

162 4540 261 4624 quuti
276 4551 358 4607 sunt
374 4541 507 4626 reliqui;
525 4552 561 4611 et
577 4541 624 4611 ita
642 4542 754 4610 Patris
769 4542 938 4609 industria
958 4562 1045 4626 opus
1065 4539 1227 4607 eximium
1244 4549 1279 4605 et
1295 4538 1396 4605 ualde

166 4656 311 4723 salutare
326 4668 362 4723 et
377 4658 578 4725 inchoatum
594 4668 647 4725 est
663 4669 698 4725 et
718 4658 1015 4745 perfectum—R.

594 4838 598 4867 l
