3500 5367
409 443 464 512 7¹⁶
790 444 998 500 Monuuunru
1019 445 1198 502 lausanna

363 642 367 650 -
442 599 530 684 Pag.
556 597 611 663 86.
640 599 724 684 [Fal.
751 598 824 678 86r;
847 598 870 663 1.
901 598 957 678 ΙΙΙ,
986 619 1019 667 c.
1048 598 1104 686 Vl.
1136 609 1219 666 tunc
1247 598 1456 683 inchoatum,
1483 621 1587 690 postea

376 735 459 781 uero
479 713 583 781 etiam
611 714 826 798 perfectum]
859 712 1099 780 «inchoatum»
1118 713 1209 782 enim
1233 717 1314 803 lego
1338 739 1401 802 pro
1424 717 1587 786 «informa-

376 840 469 896 tumr
487 827 507 894 ¹.

442 946 530 1032 Pag.
549 963 604 1033 92.
624 941 755 1033 B[Fol.
773 963 853 1033 92v3
871 945 895 1011 l.
914 945 970 1026 Ill,
989 965 1019 1012 c.
1040 946 1112 1031 IX].
1135 958 1193 1012 «ut
1212 946 1371 1033 singulae
1387 948 1421 1014 in
1437 949 1526 1016 ltalia
1540 951 1587 1016 lu-

373 1065 537 1131 daeorum
551 1062 761 1148 Synagogae
772 1063 820 1147 ²¹¹.]
836 1060 904 1128 Hic
916 1061 1051 1130 mallem
1065 1062 1181 1148 legere
1191 1085 1294 1147 quam
1309 1062 1586 1154 ludaeorum[sic].

442 1179 515 1244 Fol.
541 1194 585 1264 97
601 1189 628 1242 ¹¹.
648 1178 701 1243 De
717 1179 822 1244 Petro
837 1177 950 1243 Fabro
970 1178 1068 1262 plura
1095 1177 1161 1243 dici
1178 1188 1213 1244 et
1240 1178 1319 1244 addi
1347 1193 1493 1266 possent.
1511 1181 1585 1248 Mihi

375 1293 513 1380 quidem
526 1295 613 1360 haec
630 1290 775 1359 ueniunt
789 1292 825 1359 in
846 1303 1010 1374 mentem,
1028 1313 1071 1360 ex
1098 1292 1224 1378 quibus
1251 1297 1437 1364 nonnullae
1451 1307 1464 1338 ⁰
1478 1296 1586 1362 subiici

374 1419 514 1497 possent
525 1420 603 1495 post
618 1407 676 1474 illa
687 1409 805 1488 uerba,
821 1407 966 1478 Mirifice
977 1407 1041 1474 sibi
1056 1407 1249 1496 obligauit]
1267 1412 1453 1496 Pergratus
1464 1411 1514 1480 iile
1530 1411 1584 1478 fuit

374 1527 530 1604 Albert0,
552 1523 715 1591 cardinali
738 1523 960 1610 moguntino,
981 1525 1074 1610 apud
1098 1546 1200 1611 quem
1224 1524 1282 1591 diu
1305 1527 1429 1608 haesit,
1453 1530 1584 1614 psalmos

373 1641 507 1708 interim
524 1639 701 1707 dauidicos
715 1651 731 1692 Ρ
743 1638 779 1705 in
791 1641 912 1706 schola
924 1639 1119 1726 theologica
1131 1641 1332 1727 Moguntiae
1344 1641 1581 1730 interpretatus.

372 1760 503 1826 Gratus
519 1755 653 1835 Ottoni,
671 1755 835 1822 cardinali
855 1765 1064 1842 augustam,
1087 1757 1247 1844 episcopo
1268 1757 1413 1844 spirensi
1434 1759 1445 1792 ⁴
1467 1759 1582 1824 multis·

371 1897 440 1960 que
455 1872 686 1960 magnatibus.
706 1870 902 1956 Aliquoties
917 1892 997 1939 cum
1015 1874 1149 1940 Bucero
1170 1885 1205 1940 et
1226 1873 1410 1942 haereticis
1428 1873 1497 1941 aliis
1510 1896 1580 1941 con-

372 1988 471 2078 gredi
487 2009 556 2059 non
571 1986 756 2070 dubitauit,
774 1997 809 2055 et
828 2008 932 2072 quam
947 1985 1021 2073 ipse
1043 1988 1145 2056 fidem
1167 1989 1396 2074 profiteretur,
1420 1989 1479 2056 illis
1493 1991 1578 2058 etiam

373 2105 483 2192 potuit
499 2104 732 2189 comprobare.
752 2104 823 2168 Pro
838 2101 1096 2184 haeresiarchis
1116 2115 1235 2190 utpote
1254 2103 1415 2185 Caluino,
1435 2107 1576 2173 luthero,

374 2220 534 2307 Philippo
551 2222 562 2254 ⁵
578 2229 614 2285 et
629 2217 797 2284 similibus
812 2216 1023 2304 singularem
1045 2218 1164 2286 orandi
1191 2217 1348 2305 spiritum
1371 2220 1418 2287 illi
1434 2221 1578 2288 Dominus

371 2334 600 2424 impartiebat,
617 2332 708 2400 sicut
720 2344 754 2402 et
769 2355 832 2419 pro
848 2345 921 2399 tota
936 2333 1134 2415 Germania,
1149 2356 1250 2420 quam
1265 2345 1338 2401 turn
1356 2336 1576 2406 restituendam

372 2472 449 2520 esse
476 2450 647 2518 sentiebat
674 2459 779 2535 atque
806 2449 1042 2535 praedicebat,
1072 2471 1151 2516 cum
1177 2453 1403 2536 quorumdam
1434 2455 1575 2520 bonomm
1681 2487 1682 2514 Ι

372 2567 542 2655 sanguine
559 2565 706 2652 primum
723 2577 738 2616 ‘1
753 2565 804 2631 ira
819 2563 958 2632 Domini
974 2566 1178 2652 placaretur.
1198 2567 1250 2633 Ex
1266 2568 1437 2654 germanis
1452 2568 1575 2654 primum

367 2681 532 2754 Societati
548 2681 720 2750 lucrifecit
736 2681 939 2767 Moguntiae
956 2683 1096 2749 Petrum
1109 2680 1299 2763 Canisium,
1314 2681 1373 2768 qui
1385 2695 1407 2762 ¹,
1424 2683 1576 2751 iarnaeius

370 2800 551 2879 excitatus
569 2798 612 2863 ad
630 2796 816 2864 uidendum
838 2796 934 2862 illum
955 2795 1098 2863 Colonia
1127 2798 1246 2863 uitros
1274 2799 1385 2868 iuerat
1411 2800 1573 2886 proiectus.
1680 2815 1681 2834 t

369 2917 441 2985 Sed
455 2929 490 2984 et
506 2913 676 3000 hospitem
697 2934 812 2989 suum,
829 2913 922 2998 apud
944 2933 1045 2998 quem
1067 2913 1272 2999 Moguntiae
1292 2915 1493 2994 morabatur,
1513 2935 1574 2980 car·

370 3031 568 3099 thusianum
584 3029 712 3098 effecit.
727 3030 817 3096 Cum
829 3027 1005 3096 Coloniam
1019 3020 1245 3114 peruenisset,
1260 3032 1386 3098 multas
1402 3052 1497 3116 saepe
1507 3050 1573 3095 con-

370 3148 486 3215 ciones
501 3145 624 3213 latinas
640 3155 649 3185 ²
664 3143 796 3225 habuit,
815 3165 884 3210 non
901 3144 1011 3211 solum
1032 3143 1069 3209 in
1089 3145 1315 3225 monasteriis
1339 3147 1401 3212 sed
1420 3145 1573 3212 etiamen
1679 3143 1680 3152 ³

294 3254 296 3257 ⁵
370 3287 443 3331 ram
460 3261 646 3343 academia,
664 3281 792 3346 easque
808 3259 892 3326 mira
908 3259 1035 3346 pietate
1055 3259 1219 3326 conditas.
1243 3263 1391 3328 Amabat
1411 3273 1445 3328 et
1462 3282 1574 3328 reuere

370 3383 472 3446 batur
487 3381 601 3445 locum
616 3398 765 3457 sacrum,
784 3374 842 3460 qui
857 3376 950 3461 apud
966 3374 1180 3444 colonienses
1195 3387 1291 3443 extat
1308 3377 1467 3463 (Auream
1481 3395 1573 3443 came-

371 3519 443 3562 ram
462 3494 597 3579 uocant)
614 3491 650 3559 in
665 3493 794 3578 templo
809 3481 948 3557 sanctae
964 3491 1125 3573 Ursulae,
1146 3491 1214 3572 ubi,
1233 3491 1322 3559 sicut
1340 3503 1373 3558 et
1387 3491 1574 3579 Moguntiae,

371 3613 460 3679 inter
476 3609 750 3704 sacrificandum,
764 3607 870 3675 sacris
882 3607 925 3672 de
941 3587 1045 3674 rebus
1060 3606 1210 3676 illustres
1227 3608 1442 3695 cognitiones
1453 3605 1575 3692 accepit,
1677 3679 1678 3692 χ

370 3749 458 3813 quas
473 3724 657 3811 aliquando
672 3722 799 3789 nostn's
813 3721 986 3808 patefecit.
1005 3723 1034 3787 E
1054 3721 1180 3790 nostris
1195 3723 1373 3790 Canisium
1395 3735 1429 3790 et
1450 3707 1575 3792 leonati

371 3875 584 3888 ιιι-ψ

423 3951 432 3992 ¹
456 3949 493 4004 in
503 3948 581 4003 libra
591 3961 697 4002 excuso
706 3944 837 4017 tegitur:
847 3951 910 4000 tum
921 3942 1120 4014 informatum,
1131 3953 1234 4016 postea
1244 3961 1316 4001 uero
1326 3946 1416 4002 etiam
1426 3946 1575 4020 perlectum.

370 4056 428 4084 ..m
446 4040 484 4093 in
506 4037 584 4092 libro
604 4051 725 4091 anctae:
743 4043 777 4088 ut
793 4033 929 4104 singulae
952 4031 1054 4088 ltaliae
1077 4033 1235 4089 iudeorum
1257 4033 1444 4108 synagogae.
1481 4051 1525 4078 -r
1541 4035 1575 4088 De

370 4131 403 4188 P.
419 4129 516 4183 Fabro
527 4125 590 4197 agit
600 4124 749 4194 integrum
759 4132 848 4194 caput
857 4123 900 4176 XI
913 4119 981 4178 libri
994 4121 1049 4192 ΙΙΙ,
1061 4122 1140 4178 foliis
1153 4122 1266 4194 9⁶V99·
1306 4141 1355 4168 -ο
1382 4127 1472 4182 Verba
1483 4141 1517 4180 ,χ
1527 4123 1575 4196 qui.

368 4221 424 4275 bus
442 4216 601 4271 nonnullae
618 4211 831 4285 superscripsit
850 4210 1006 4276 Canisius;
1025 4215 1116 4266 antea
1139 4211 1310 4284 legebatur:
1329 4231 1415 4286 quae.
1450 4229 1497 4268 -n
1518 4212 1575 4266 Tria

368 4307 524 4380 sequentia
541 4304 633 4360 verba
650 4302 773 4357 addidit
796 4299 950 4356 canisius.
1001 4315 1051 4355 -a
1070 4301 1219 4356 Additum
1241 4319 1261 4356 a
1285 4301 1420 4358 Canisio.
1455 4319 1498 4346 -r
1518 4301 1575 4355 Tria

368 4396 524 4470 sequentia
536 4393 628 4450 verba
639 4391 763 4446 addidit
777 4389 854 4444 Can.
894 4404 940 4431 ..s
958 4389 1106 4444 Additum
1121 4407 1139 4442 a
1153 4387 1229 4446 Con.
1267 4403 1311 4434 -2
1330 4393 1475 4448 Additum
1487 4389 1574 4446 aCau.

424 4589 436 4620 ⁴
473 4582 611 4654 Philippo
624 4578 798 4635 Flersheim.

426 4677 438 4709 ⁸
474 4671 671 4728 Melanchton.
