3500 5367
443 478 493 532 Du
512 488 603 532 acris
624 477 656 532 S.
676 476 800 533 Iouam
819 492 840 533 n
859 476 1083 534 Rrsnnauman
1291 476 1345 549 345

211 650 269 697 zo.
319 632 436 716 Quum
466 652 533 697 una
560 650 639 695 cum
657 632 760 699 Patre
781 632 920 717 Laynez
941 628 1005 699 iter
1024 630 1170 717 pedibus
1186 631 1326 715 faceret,
1345 643 1380 701 et

129 745 372 833 grauissimus
388 746 524 831 quidam
541 746 639 811 dolor
662 748 798 814 Patrem
815 748 953 832 Laynez
975 745 1208 833 corripuisset,
1225 747 1326 832 juli0‚
1345 747 1380 813 id

131 874 208 941 est,
227 862 371 928 denario
387 873 563 948 argenteo,
587 883 688 946 quem
709 862 850 929 unicum
870 863 1031 942 habebat,
1049 884 1177 948 equum
1199 863 1376 944 conduxit,
1393 864 1398 869 ’

134 989 174 1045 et
195 979 337 1047 Patrem
354 978 391 1043 in
405 999 498 1058 eum,
513 978 649 1063 palliolo
664 998 728 1045 suo
743 977 861 1045 attrito
875 988 912 1045 et
929 978 1024 1047 tenui
1039 976 1248 1059 inuolutum,
1267 978 1379 1065 impo·
1419 1041 1422 1049 .

106 1086 224 1174 ‘suit3
251 1106 286 1160 et
308 1104 347 1159 ut
367 1092 475 1181 magis
496 1093 590 1160 illum
619 1093 795 1173 animaret,
826 1093 916 1180 ipse,
947 1104 1107 1179 tanquam
1135 1095 1223 1162 alter
1246 1095 1377 1175 HeliaS,

132 1196 514 1295 praecedebatequum
532 1220 625 1276 tanta
642 1208 817 1278 alacritate
837 1220 873 1279 et
889 1229 1011 1276 cursus
1033 1209 1228 1291 uelocitate,
1255 1221 1292 1275 ut
1311 1214 1378 1277 Pa·

135 1335 194 1391 ter
210 1346 319 1410 eques
336 1324 395 1391 uix
410 1325 507 1411 sequi
522 1336 649 1412 posset.
670 1326 746 1413 Ego
765 1348 808 1392 ex
826 1326 1041 1411 Laynez.-r
1056 1347 1099 1391 aa
1115 1326 1156 1395 L.

212 1458 269 1507 21.
318 1441 406 1521 Cum
424 1443 526 1508 Pater
542 1440 680 1526 quidam
696 1454 707 1481 ¹
727 1463 770 1509 ex
790 1440 908 1528 primis
928 1440 1167 1509 molestissima
1189 1440 1379 1511 tentatione

133 1567 175 1623 et
201 1555 489 1643 periculosissima
508 1557 678 1625 laboraret
698 1567 735 1625 et
749 1578 818 1623 non
840 1556 986 1623 multum
1005 1557 1141 1625 abesset
1161 1556 1205 1623 ab
1225 1569 1379 1623 extremo

131 1672 265 1753 exitio,
292 1672 400 1738 tribus
427 1671 600 1739 continuis
627 1672 748 1740 diebus
774 1684 809 1740 et
836 1672 997 1739 noctibus
1020 1670 1178 1739 ieiunans
1198 1693 1261 1758 pro
1281 1694 1323 1740 eo
1343 1682 1379 1738 et

132 1810 264 1868 orans,
283 1788 454 1856 hominem
470 1787 506 1853 in
522 1787 696 1857 Societate
711 1788 865 1857 seruauit
886 1809 978 1854 anno
1005 1804 1085 1873 1541
1109 1800 1134 1854 ².
1155 1790 1205 1854 Ex
1227 1788 1268 1853 P.
1287 1790 1377 1873 Lay-

129 1927 209 1972 nez
226 1881 388 1971 Venetiis'
400 1926 490 1971 anno
507 1906 550 1987 48
567 1915 601 1973 et
618 1915 737 1990 postea
750 1920 914 1988 54.-rex
931 1906 972 1971 L.

211 2038 271 2089 22.
317 2021 476 2106 Quadam
491 2032 592 2087 nocte
608 2020 759 2099 inlecto,
777 2041 856 2086 cum
873 2020 1048 2103 dormiret,
1066 2020 1223 2088 diabolus
1240 2022 1290 2106 (ut
1303 2043 1371 2089 cre-

131 2137 248 2221 ditur)
266 2158 344 2204 eum
362 2135 470 2203 uoluit
482 2138 663 2206 suslocare.
683 2136 805 2204 Visum
818 2146 871 2203 est
882 2135 974 2203 enim
987 2135 1052 2203 sibi
1067 2136 1184 2205 uidere
1197 2137 1253 2202 uel
1266 2136 1376 2202 homi-

131 2274 222 2322 nem
243 2252 299 2319 uel
315 2254 515 2320 daemonem
531 2254 650 2319 fauces
665 2250 894 2339 stringentem
914 2263 949 2319 et
970 2261 1093 2338 guttur
1109 2254 1376 2339 praefocantem3

133 2370 215 2457 ipse
233 2379 349 2435 autem
366 2377 461 2435 tanto
489 2377 628 2449 conatu,
653 2366 767 2456 Jesus!
798 2367 972 2450 clamauit,
995 2378 1034 2434 ut
1061 2368 1178 2435 multis
1193 2367 1316 2435 diebus
1332 2368 1379 2435 ita
1449 2387 1457 2405 ·

133 2506 271 2551 raucus
287 2495 390 2567 esset,
409 2495 447 2550 ut
465 2483 522 2550 uix
538 2483 631 2569 loqui
648 2496 764 2570 posset
779 2482 805 2549 b.
824 2485 901 2569 Ego
917 2504 1057 2551 raucum
1077 2484 1159 2567 uidi,
1176 2494 1212 2552 et
1232 2487 1299 2550 hoc
1315 2506 1378 2550 au-

133 2600 215 2668 diui
232 2622 339 2679 ann0,
358 2599 392 2667 ni
410 2600 519 2681 fallor,
537 2619 582 2682 41·
596 2609 698 2666 ⁶.-r.

209 2736 267 2800 23.
318 2717 532 2803 Aegrotabat
550 2716 652 2783 Pater
668 2715 789 2787 Simon
808 2715 962 2798 Bassani,
977 2717 1069 2802 quod
1084 2715 1249 2801 oppidum
1265 2726 1318 2784 est
1335 2735 1378 2781 20

136 2832 284 2899 milibus
308 2852 469 2917 passuum
497 2853 517 2896 a
539 2830 722 2898 Vincentia
743 2830 813 2918 (ubi
841 2830 957 2899 itidem
983 2836 1086 2900 Pater
1106 2831 1262 2919 Ignatius
1283 2832 1379 2900 febre

135 2946 385 3031 afflictabatur)
398 2945 540 3014 distans
557 2948 645 3013 Cum
658 2956 774 3015 autem
791 2938 941 3017 Simonis
953 2948 1093 3013 morbus
1105 2947 1332 3015 inualesceret
1344 2958 1379 3015 et

137 3075 289 3130 mortem
307 3062 436 3128 homini
453 3061 652 3143 minaretur,
671 3062 829 3130 nuntium
847 3084 888 3131 ea
903 3063 947 3131 de
963 3085 1000 3130 re
1016 3066 1119 3130 Pater
1141 3073 1258 3129 noster
1278 3084 1377 3131 acce-

139 3180 204 3265 pit,
225 3190 263 3247 et
278 3201 299 3245 e
315 3178 476 3266 uestigio,
498 3190 534 3244 ut
551 3189 624 3247 erat
641 3179 736 3246 febre
752 3188 942 3265 correptus,
961 3178 1107 3264 pedibus
1124 3201 1193 3246 una
1212 3200 1293 3246 cum
1311 3181 1375 3246 Pa-

137 3307 193 3364 tre
210 3295 325 3362 Fabro
342 3295 375 3361 in
398 3294 463 3362 iter
492 3296 682 3362 Bassanum
697 3315 817 3363 uersus
838 3316 876 3363 se
898 3294 1003 3363 dedit.
1028 3296 1117 3361 Cum
1138 3305 1252 3361 autern
1275 3296 1379 3380 proti-

137 3410 367 3489 ciscerentur‚
386 3432 406 3479 e
424 3410 479 3477 uia
495 3411 671 3496 paululum
693 3408 830 3478 deflexit
851 3420 886 3479 et
902 3432 964 3496 pro
982 3412 1085 3479 Patre
1101 3408 1243 3478 Simone
1257 3409 1378 3477 Domi-

138 3548 225 3591 num
243 3526 368 3606 orauit3
392 3547 436 3593 ex
461 3525 617 3593 oratione
643 3546 744 3612 porro
771 3547 932 3612 surgens,
963 3525 1056 3593 Patri
1082 3527 1195 3593 Fabro
1216 3525 1313 3592 dixit:
1333 3511 1378 3593 no

138 3647 218 3709 sera
234 3642 324 3708 uada
341 3642 374 3707 lo
390 3640 435 3709 de
454 3640 586 3721 Simon,
610 3642 677 3708 uel:
708 3662 777 3707 non
805 3640 970 3708 morietur
997 3644 1061 3709 hac
1079 3640 1166 3723 uice3
1190 3650 1225 3709 et
1241 3642 1378 3710 tandem

140 3778 223 3825 curn
239 3758 283 3827 ad
299 3778 379 3823 eum
396 3756 429 3824 in
448 3757 537 3823 lecto
552 3756 721 3826 iacentem
736 3769 771 3825 et
792 3778 896 3844 aegre
919 3757 1132 3826 laborantem
1149 3755 1377 3843 peruenisset.

139 3874 348 3959 complexus
375 3872 560 3939 hominem:
586 3871 671 3939 nihil
699 3883 768 3953 est,
798 3872 926 3957 inquit,
956 3871 1051 3959 quod
1079 3872 1215 3952 timeaS,
1244 3871 1376 3940 Simon:

140 4008 262 4075 surge3
280 4001 316 4057 et
331 3988 380 4055 ita
392 3968 581 4055 conualuit.
602 3990 677 4075 Ego
693 4012 735 4057 ex
759 3990 861 4057 Patre
878 3990 1016 4073 Laynez
1037 3987 1193 4056 Venetiis
1214 4008 1305 4053 anno
1321 3988 1376 4067 48,

148 4152 357 4166 um

201 4268 212 4294 ²
251 4254 285 4309 ln
298 4254 444 4327 margine
457 4271 553 4309 manu
567 4255 604 4310 P.
625 4254 856 4310 Ribadeneirae:
881 4253 981 4325 Quien
1004 4270 1055 4308 sea
1068 4257 1144 4321 iste,
1169 4254 1205 4308 V.
1228 4253 1264 4311 R.
1288 4253 1318 4307 lo
1336 4269 1379 4307 sa-

142 4344 209 4397 bri.
222 4341 307 4410 Quae
320 4344 441 4415 quidem
455 4344 546 4401 verba
560 4362 629 4398 cam
642 4361 677 4400 ex
686 4348 790 4417 parte,
803 4342 917 4399 absciso
924 4342 1016 4414 folia,
1028 4343 1206 4406 exciderint,
1217 4360 1254 4397 ea
1266 4340 1379 4397 iterum

140 4431 266 4501 scripsit
278 4432 312 4486 in
323 4433 457 4487 aduersa
469 4449 523 4487 ora
537 4432 672 4499 Natalis;
683 4434 734 4489 sed
746 4433 858 4488 iterum
871 4434 934 4505 ipse
947 4431 1082 4499 Natalis,
1092 4436 1125 4485 ut
1139 4432 1271 4497 videtur,
1281 4434 1381 4485 trans·

142 4536 235 4574 verso
252 4520 369 4576 calamo
391 4520 512 4577 delevit.
556 4538 600 4565 ..a
619 4520 783 4593 Sequentia
801 4520 891 4577 uerba
910 4522 1058 4591 usquead
1070 4520 1167 4592 finem
1183 4521 1382 4592 paragraphi

142 4606 314 4663 cancellata
331 4614 413 4666 suat.
452 4612 502 4653 -b
523 4610 612 4680 Quae
630 4614 800 4682 sequuntur
820 4626 911 4681 usque
928 4610 970 4664 ad
982 4608 1080 4680 finem
1096 4606 1292 4681 paragraphi
1311 4607 1383 4662 obii·

144 4700 250 4751 teratu
261 4703 341 4753 sant.
379 4712 429 4743 -0
449 4698 610 4771 Sequentes
620 4698 818 4773 paragraphi
830 4714 877 4769 23,
891 4712 930 4768 24
943 4702 971 4753 et
984 4712 1019 4765 25
1032 4697 1194 4779 cancellati
1205 4702 1290 4752 sunt.
