3500 5367
306 444 340 487 ro
684 439 891 495 llonuuanra
908 440 1085 496 lanariam

335 588 378 653 Et
399 592 580 674 quaedam,
603 595 647 658 ad
668 604 828 660 externos
848 594 950 661 etiam
970 593 1173 679 spectantia,
1196 593 1243 659 ibi
1263 593 1495 672 continentur;

268 704 329 769 sed
344 726 456 791 pauca
472 707 624 774 omnino:
642 710 825 775 maximam
849 709 941 779 enim
964 720 1095 796 partem
1111 731 1166 775 res
1186 730 1227 777 ac
1248 729 1415 795 personae
1434 710 1496 774 do-

268 818 430 890 mesticae
457 821 522 890 sibi
549 823 736 907 vindicant,
760 848 870 910 eaque
889 825 1089 912 praesertim
1113 825 1320 905 indicantur,
1338 846 1427 909 quae
1454 826 1497 889 ad

267 934 498 1007 instituendos
513 940 696 1009 Societatis
712 941 880 1025 homines,
898 942 1121 1028 ejusdemque
1136 941 1331 1009 institutum
1347 939 1383 1005 in
1396 942 1500 1007 rebus

267 1052 416 1121 minimis
437 1055 695 1144 declarandum,
720 1058 857 1127 dicebat
882 1058 1096 1143 faciebatque
1119 1056 1289 1145 Ignatius.
1315 1057 1433 1142 Quare
1456 1056 1512 1120 ad.

267 1170 371 1255 hujus
388 1170 492 1237 animi
508 1172 677 1239 sinceram
694 1174 879 1261 imaginem
895 1173 1021 1241 nativis
1036 1174 1208 1241 coloribus
1228 1170 1498 1258 exprimendam,

92 1320 94 1323 ·
190 1368 191 1373 ἵ
267 1286 384 1353 nescio
401 1309 445 1353 an
461 1288 590 1373 aliquid
606 1290 728 1358 melius
745 1290 779 1355 in
796 1290 932 1375 scriptis
948 1291 1149 1358 habeamus.

333 1404 500 1472 Attamen
517 1405 692 1472 fatendum
709 1415 763 1473 est
778 1405 1039 1473 consalvianum
1055 1406 1257 1474 Memoriale
1275 1408 1408 1485 eadem,
1431 1425 1499 1488 qua

267 1518 432 1605 seriptum
461 1532 526 1600 est,
556 1532 683 1601 mente,
710 1522 830 1587 eodem
858 1521 962 1588 etiam
988 1544 1072 1609 erga
1095 1521 1267 1609 Ignatium
1291 1521 1405 1587 animo
1428 1520 1498 1606 legi

268 1646 436 1719 oportere.
457 1638 567 1703 Multa
589 1637 680 1704 enim
704 1636 751 1703 ibi
774 1638 950 1720 dicuntur,
976 1660 1077 1724 quae,
1101 1638 1131 1704 si
1154 1638 1191 1704 in
1213 1637 1384 1705 sinistram
1410 1636 1498 1703 velis

267 1759 397 1835 partem
418 1752 585 1837 accipere,
611 1774 652 1819 ac
675 1775 745 1820 non
768 1776 823 1835 eo,
841 1776 913 1841 quo
933 1766 1034 1841 gesta
1057 1766 1150 1834 sunt,
1172 1754 1242 1821 fine
1264 1752 1493 1831 considerare,

268 1866 413 1934 fortasse
427 1867 685 1939 admirationem
702 1869 901 1939 excitabunt
917 1882 952 1937 et
964 1869 1125 1955 carpendi
1137 1891 1255 1936 ansam
1268 1869 1493 1955 praebebunt:

268 1982 437 2064 quaedam
452 1982 557 2050 etiam
573 1984 662 2051 inter
678 2007 716 2052 se
736 1986 930 2072 pugnantia
950 1995 1010 2051 aut
1030 1987 1161 2051 absona
1182 1984 1403 2063 videbuntur,
1426 2004 1496 2049 non

268 2110 362 2164 certe
377 2097 458 2182 quia
473 2099 521 2166 ita
537 2100 617 2184 sint,
636 2103 696 2168 sed
712 2101 792 2186 quia
808 2100 919 2169 alieno
934 2101 1048 2168 animo
1067 2112 1103 2168 et
1121 2100 1282 2187 neglecto
1302 2120 1419 2186 scopo,
1437 2078 1495 2183 qui

269 2212 424 2281 intentus
439 2226 504 2295 est,
524 2217 694 2303 legentur.
711 2219 812 2299 Nam,
827 2229 866 2284 ut
873 2218 945 2302 jam
957 2217 1244 2285 animadverterat
1254 2214 1494 2283 Ribadeneira:

271 2330 419 2395 «Multa»
448 2330 603 2417 Ignatius
634 2332 864 2412 «instituebat,
894 2354 1041 2417 quorum
1066 2330 1208 2398 consilia
1230 2332 1334 2417 (quod
1362 2332 1496 2397 occulta

269 2444 395 2529 essent)
411 2457 471 2512 aut
487 2447 610 2513 rationi
626 2470 746 2534 parum
762 2460 997 2516 consentanea
1008 2446 1195 2527 nonnullis,
1210 2459 1270 2513 aut
1284 2444 1497 2512 admirabilia

269 2570 363 2628 certe
377 2560 593 2629 videbantur:
612 2566 673 2630 sed
689 2574 803 2631 tamen
819 2585 938 2630 eorum
955 2564 1079 2643 exitus,
1098 2561 1305 2647 exquisitum
1326 2561 1495 2647 spiritum,

271 2676 550 2765 reconditamque
566 2680 782 2764 prudentiam
800 2678 1021 2745 declarabant
1033 2678 1169 2764 Ignatii:
1184 2678 1244 2762 qui
1256 2689 1337 2745 ante
1348 2679 1495 2770 languo-

236 2792 238 2795 ’
271 2812 341 2859 rem
357 2792 570 2861 adhibuisset
587 2794 802 2877 medicinam,
821 2795 948 2878 cuique
965 2795 1080 2860 sutura
1097 2805 1165 2860 tam
1182 2795 1325 2860 solerter
1340 2792 1497 2879 praeuisa

269 2906 426 2991 fuissent,
445 2920 480 2978 et
496 2922 678 2995 praecauta
696 2915 741 2975 ἰ).

335 3025 409 3091 Nec
424 3026 538 3093 minus
554 3026 588 3092 id
605 3048 685 3113 prae
701 3027 810 3095 oculis
825 3030 1021 3095 habendum
1042 3039 1107 3109 est,
1124 3047 1204 3093 cum
1221 3025 1257 3090 in
1276 3024 1437 3092 usitatam
1453 3025 1497 3089 ab

269 3139 403 3225 Ignatio
419 3153 526 3209 artem
543 3143 586 3209 ad
602 3144 772 3211 curandos
793 3143 896 3210 animi
917 3145 1055 3209 morbos
1075 3143 1183 3210 aciem
1205 3139 1329 3209 mentis
1349 3139 1498 3208 intendi·

270 3277 357 3322 mus.
378 3257 525 3338 Etenim,
546 3269 582 3324 ut
605 3258 693 3326 idem
710 3259 937 3328 Ribadeneira
956 3258 1143 3326 memoriae
1163 3256 1322 3344 prodidit:
1343 3256 1498 3324 «Sanan-

269 3370 322 3436 dis
349 3372 491 3453 morbis,
520 3373 577 3457 qui
606 3372 709 3439 iidem
733 3374 939 3441 videbantur
962 3374 1115 3454 omnine,
1137 3373 1304 3466 diuersas,
1326 3370 1509 3452 interdum·

270 3487 372 3555 etiam
400 3490 574 3568 aduersaS,
597 3499 632 3569 et
652 3489 839 3557 contrarias
859 3489 1043 3557 adhibebat
1063 3480 1260 3557 medicinas
1284 3488 1372 3553 Nam
1394 3485 1497 3552 alium

271 3604 393 3670 blande
409 3604 563 3686 curabat,
583 3626 623 3671 ac
640 3604 803 3685 suauiter,
822 3608 907 3673 dure
922 3605 1039 3688 alium,
1057 3616 1093 3669 et
1107 3624 1240 3671 seuere:
1259 3600 1372 3669 exitus
1385 3612 1499 3666 tamen

270 3719 486 3801 ostendebat,
516 3740 650 3806 semper
677 3742 751 3787 earn
780 3720 991 3789 curationem
1013 3720 1118 3787 luisse
1145 3719 1270 3803 cuique
1297 3715 1497 3796 adhibitam,

269 3856 358 3919 quae
385 3835 513 3921 optima
540 3835 664 3920 cuique
684 3848 788 3918 esset,
810 3848 844 3903 et
869 3834 1230 3903 accommodatissima.
1254 3835 1371 3918 Atque
1394 3832 1501 3916 hujus

270 3950 481 4030 excellentis,
512 3949 718 4036 diuinaeque
746 3952 947 4038 prudentiae
974 3951 1061 4017 ratio
1085 3973 1152 4018 non
1176 3971 1244 4015 vna
1267 3958 1357 4028 erat,
1386 3968 1501 4031 neque

270 4065 425 4151 simplex,
444 4067 505 4134 sed
522 4066 712 4153 multiplex,
731 4078 766 4135 et
783 4069 875 4134 varia
891 4071 939 4133 ⁸.»

337 4184 454 4266 Atque
470 4184 557 4251 haec
574 4183 722 4251 varietas
738 4206 806 4250 non
823 4184 925 4250 modo
941 4183 975 4248 in
996 4184 1188 4249 animorum
1202 4180 1332 4247 morbis
1348 4190 1499 4246 tractan-

270 4296 335 4381 diS,
354 4298 414 4365 sed
432 4296 466 4363 in
483 4296 683 4384 quotidiano
699 4299 800 4367 etiam
817 4321 883 4366 usu
900 4310 935 4368 et
950 4298 1156 4366 commercio
1170 4318 1249 4363 curn
1265 4295 1337 4362 suis
1349 4294 1453 4362 sociis
1464 4306 1500 4361 et

269 4412 417 4479 alumnis
433 4416 649 4481 cernebatur.
670 4416 785 4480 Durus
803 4414 1006 4500 quibusdam
1025 4414 1058 4480 in
1076 4415 1211 4500 agendo
1224 4430 1434 4496 severusque
1445 4410 1498 4476 ni-

323 4576 332 4607 ⁷
378 4574 445 4630 Vita
459 4574 578 4649 Ignatii
593 4575 724 4639 Loiolae,
738 4574 790 4630 lib.
806 4576 840 4646 V,
856 4592 921 4644 cap.
939 4587 985 4629 11.

320 4666 332 4697 ⁸
369 4661 427 4735 Op.
442 4664 506 4737 cit„
521 4664 572 4719 lib.
589 4664 626 4728 V,
640 4681 703 4737 cap.
722 4677 763 4717 to.
