3500 5367
306 465 324 518 6
686 464 894 523 Mouuunnrn
913 467 1093 523 lanarum

274 639 481 702 versumque
498 620 541 684 ad
558 640 646 685 nova
664 618 791 705 praelia
807 629 927 685 contra
943 629 1166 705 assurgentes
1177 617 1429 685 haereticorum
1441 638 1505 682 cu-

273 756 356 801 neos
384 734 528 801 feliciter
555 737 768 803 conserenda
796 734 1035 803 insonnasset.'
1054 734 1189 801 Etenim
1217 734 1323 819 probe
1350 731 1505 800 sciebant

273 849 457 934 ignatium,
476 850 762 934 quemadmodum
780 852 822 917 de
838 849 983 919 caeteris
999 870 1173 915 sacrorum
1188 847 1348 915 ordinum
1364 847 1503 914 institu-

273 965 404 1031 toribus
421 966 604 1033 memoriae
625 964 797 1051 proditum
819 976 884 1044 est,
907 986 977 1031 non
998 968 1149 1031 humana
1168 975 1302 1030 tantum
1322 962 1505 1049 prudentia

273 1092 333 1146 aut
349 1080 480 1146 viribus
496 1082 608 1147 nudae
625 1080 848 1164 infirmaeque
864 1092 1019 1160 naturae,
1037 1082 1098 1147 sed
1114 1080 1279 1145 instinctu
1295 1079 1412 1145 divino
1424 1100 1505 1145 cae-

272 1190 418 1279 lestique
434 1196 604 1281 praesidio
621 1217 661 1262 ac
677 1195 876 1281 magisterio
892 1198 935 1261 ad
951 1217 1047 1261 suam
1064 1196 1278 1263 condendam
1295 1193 1504 1261 Societatem

272 1311 458 1377 adductum
475 1312 728 1397 impulsumque
745 1310 862 1381 luisse.

334 1428 424 1514 Jam,
443 1449 484 1495 ea
500 1426 614 1495 omnia
631 1448 846 1513 pernoscere,
871 1450 961 1512 quae
982 1438 1176 1514 opportuna
1191 1438 1288 1493 erant
1306 1426 1504 1509 utquisque

194 1576 195 1579 ¹
273 1542 441 1608 sodalium
469 1516 607 1628 penitus
634 1542 737 1609 sciret
768 1543 893 1627 quibus
921 1543 1152 1611 fundamentis
1178 1542 1289 1628 ipsum
1321 1540 1504 1610 Societatis

273 1656 465 1723 aedificium
481 1657 694 1739 inniteretur;
714 1656 802 1743 'quae
822 1680 946 1744 nempe
962 1661 1057 1725 Deus
1074 1658 1245 1745 ignatium
1260 1656 1446 1735 docuisset,
1465 1667 1503 1721 ut

273 1772 302 1837 is
318 1772 467 1839 vicissim
484 1774 670 1859 discipulos
686 1796 767 1841 suos
783 1776 955 1851 edoceret,
978 1795 1066 1859 quae
1088 1786 1262 1841 momenta
1283 1772 1460 1840 habuisset
1483 1794 1504 1836 a

276 1890 352 1954 Deo
368 1888 542 1973 proposita
560 1900 609 1969 ut,
628 1889 775 1976 exempli
791 1912 908 1968 causa,
926 1900 1181 1957 sacrosanctum
1193 1893 1278 1977 Jesu
1294 1909 1420 1955 nornen
1437 1889 1504 1955 So—

275 2003 391 2071 cietati
418 2026 500 2071 suae
521 2004 723 2091 imponeret;
751 2017 787 2071 ut
809 2028 1026 2075 communem
1046 2005 1081 2071 in
1102 2006 1196 2072 victu
1217 2026 1257 2073 ac
1276 2004 1405 2072 vestitu
1425 2024 1504 2068 cum

275 2119 430 2185 honestis
446 2120 580 2187 clericis
596 2118 763 2188 rationem
780 2123 962 2191 tenendam
979 2133 1149 2202 censeret3
1167 2143 1230 2186 cur
1244 2143 1265 2187 a
1281 2117 1505 2187 decantandis

273 2234 308 2333 in
325 2236 452 2321 templo
468 2236 610 2303 horariis
626 2238 785 2323 precibus
802 2241 1019 2325 (quamquam
1035 2250 1070 2305 et
1085 2238 1159 2323 ipse
1174 2247 1278 2304 cantu
1295 2256 1393 2302 sacro
1408 2234 1499 2301 deleo

274 2351 432 2417 etabatur
449 2351 601 2430 mirifice)
618 2353 815 2435 abstineret;
835 2364 1023 2440 praeterea,
1041 2352 1167 2439 quibus
1181 2352 1348 2419 virtutum
1364 2349 1496 2415 lumini-

275 2466 339 2531 bus
351 2467 619 2547 collustraretur,
634 2480 670 2534 ut
683 2468 818 2535 fidelius
830 2468 977 2555 vestigia
988 2468 1079 2535 illius
1091 2480 1299 2554 premerent,
1308 2488 1411 2553 quem
1423 2487 1504 2532 cae-

274 2579 368 2646 lestis
396 2582 571 2650 doctrinae
598 2585 801 2669 magistrum
829 2606 870 2652 ae
894 2587 1017 2651 ducern
1039 2607 1059 2651 a
1078 2588 1155 2652 Deo
1174 2583 1240 2650 sibi
1263 2583 1500 2655 constitutum,

275 2696 499 2781 accepissent3
526 2700 625 2777 haec,
649 2698 800 2785 inquam,
823 2713 857 2768 et
878 2701 944 2768 alia
966 2699 1163 2785 hujusmodi
1184 2719 1407 2785 cognoscere,
1429 2720 1502 2763 rna-

275 2811 364 2878 xime
379 2813 545 2879 sodalium
562 2814 714 2881 omnium
731 2815 907 2894 intererat,
922 2827 961 2881 ut
973 2815 1009 2882 in
1020 2835 1184 2901 praesens
1195 2837 1235 2882 ac
1248 2817 1403 2881 futurum
1416 2824 1505 2879 tern-

276 2950 340 3013 pus
356 2949 474 2994 eorum
492 2930 594 2996 animi
611 2930 646 2996 in
666 2912 843 3016 proposito
865 2931 929 2997 sibi
951 2933 1041 2999 vitae
1065 2953 1194 3018 genere
1218 2942 1321 3016 atque
1344 2930 1504 2997 instituto

274 3044 385 3129 magis
401 3044 580 3131 magisque
595 3046 839 3115 stabilirentur.

343 3162 460 3244 Atque
476 3160 510 3226 id
526 3182 609 3230 sane
632 3163 769 3247 quidem
791 3164 891 3250 primi
912 3164 1096 3233 Societatis
1117 3164 1245 3231 alumni
1264 3153 1502 3240 intendebant}

276 3297 355 3340 curn
376 3277 419 3341 ab
436 3277 569 3361 ignatio
589 3276 679 3345 vitae
700 3300 783 3345 suae
799 3301 924 3346 arcana
938 3292 1145 3365 extorquere
1161 3279 1365 3361 niterentur,
1383 3299 1505 3362 quern·

275 3392 457 3457 admodum
487 3394 526 3457 P.
558 3393 791 3479 Hieronymus
818 3395 967 3475 Natalis,
990 3417 1081 3463 unus
1107 3396 1167 3480 qui
1187 3396 1334 3462 maxime
1354 3393 1388 3459 id
1408 3396 1503 3461 effla-

274 3506 402 3592 gitasse
432 3507 527 3574 visus
547 3519 611 3587 est,
638 3486 857 3595 significavit,
880 3531 959 3577 curn
980 3513 1089 3579 Roma
1111 3512 1292 3578 discedens
1318 3508 1506 3577 Consalvio

275 3622 421 3707 injunxit
438 3636 475 3689 ut
492 3624 663 3709 lgnatium
680 3638 833 3711 urgeret,
851 3637 1011 3712 essetque
1026 3627 1075 3694 illi
1091 3627 1127 3694 in
1139 3630 1203 3696 hac
1219 3649 1257 3695 re
1273 3627 1502 3712 importunus,

274 3749 454 3823 propterea
482 3741 574 3823 quod
599 3742 683 3805 «hoc
703 3752 794 3807 esset
815 3762 896 3809 vere
918 3744 1062 3810 fundare
1082 3743 1291 3811 Societatem
1315 3744 1360 3806 ¹».
1387 3742 1505 3825 Quare

275 3853 388 3921 mirari
404 3874 506 3922 nemo
522 3856 625 3924 debet
641 3857 733 3940 quod
750 3857 885 3925 sodales
900 3857 1007 3925 nostri
1023 3859 1092 3924 vim
1109 3858 1361 3943 quodammodo
1372 3855 1506 3943 Ignatio

275 3968 452 4038 intulerint
467 3981 506 4036 ut
523 3991 661 4038 cursum
678 3972 770 4041 vitae
792 3995 875 4040 suae
899 3976 942 4039 ad
962 3994 1179 4040 communem
1200 3973 1353 4040 omnium
1375 3970 1506 4037 utilita-

277 4096 344 4151 tem
360 4098 560 4171 exponeret,
579 4090 684 4173 quod,
702 4110 738 4155 re
755 4088 892 4173 quidem
909 4089 1004 4176 prius
1024 4092 1100 4157 Deo
1120 4091 1369 4167 commendata,
1392 4088 1505 4153 salva-

276 4223 342 4285 que
358 4201 544 4269 christiana
559 4203 763 4288 humilitate,
781 4205 837 4272 ille
855 4207 993 4273 tandem
1009 4205 1195 4290 aliquando
1210 4204 1390 4290 praestitit.

342 4318 421 4403 Age
447 4339 541 4399 ver0,
564 4318 624 4402 qui
644 4320 827 4405 Ignatium,
848 4332 886 4386 ut
906 4343 969 4388 sua
989 4321 1146 4403 dictaret,
1172 4321 1262 4387 omni
1288 4320 1366 4387 nisu
1389 4342 1429 4387 ac
1453 4344 1505 4387 ra·

276 4430 368 4497 tione
385 4432 602 4518 impulerant,
621 4434 722 4503 iidem
740 4448 833 4504 certe
849 4459 952 4522 quae,
970 4439 1013 4503 ad
1030 4437 1200 4522 Ignatium
1222 4439 1276 4505 vel
1297 4436 1504 4506 Societatem

327 4594 335 4623 ¹
375 4610 450 4666 uque
472 4602 537 4649 esto
559 4612 609 4649 era
631 4594 736 4651 fundar
758 4596 1021 4653 verdaderamente
1041 4600 1068 4652 la
1085 4598 1275 4670 Compadla».
1290 4598 1504 4668 Conservam,

274 4682 351 4735 Acta
365 4682 401 4739 P.
417 4682 581 4756 Ignatii...,
596 4702 626 4740 n.
645 4702 672 4754 4.
