3500 5367
413 442 466 512 658
793 441 1000 497 Mouuuaurn
1020 439 1197 496 lcumena

444 596 475 660 A
507 599 616 681 tergo.
651 592 897 660 Controuersia
927 593 972 659 de
1007 593 1077 659 don
1113 593 1283 662 Siluestro
1317 617 1385 662 con
1419 594 1451 660 el
1483 596 1575 661 doctor

379 711 512 778 Ferrer.

325 879 327 885 .
441 826 524 890 Alia
539 845 659 889 manu.
679 825 791 909 Sopra
806 824 830 890 il
847 827 888 891 P.
907 823 1042 912 Ignatio
1058 846 1119 912 per
1134 837 1237 892 conto
1252 827 1341 894 della
1356 827 1496 896 Roselia.

907 1060 911 1066 ι
965 1017 1015 1094 57
1186 1074 1190 1081 -

463 1145 728 1213 SENTENTIA
752 1145 949 1212 CONTRA
972 1146 1276 1215 FRANCISCUM
1300 1147 1475 1214 FERRER
1497 1150 1502 1180 ¹

439 1290 547 1356 Rdus,
576 1290 686 1355 Dnus.
720 1291 843 1355 Petrus
871 1289 1071 1374 Rapondus,
1095 1289 1184 1374 juris
1214 1290 1347 1368 doctor,
1377 1288 1450 1355 Rdi.
1483 1288 1571 1355 Patris

371 1403 452 1470 Dni.
469 1403 616 1491 Philippi
630 1401 801 1483 Archinti,
816 1401 968 1489 episcopi
981 1403 1202 1486 Salutiarum,
1218 1403 1330 1472 SSmi.
1347 1403 1424 1471 Dni.
1439 1406 1479 1470 N.
1495 1403 1570 1470 Pauli

370 1518 487 1585 diuina
503 1517 718 1605 prouidentia
734 1539 842 1604 papae
858 1517 948 1586 tertii
965 1517 1000 1584 in
1013 1519 1102 1586 alma
1114 1521 1208 1587 Urbe
1224 1520 1367 1606 ejusque
1378 1519 1521 1624 districtu
1532 1517 1570 1581 ri-

370 1635 454 1700 carii
470 1633 643 1720 generalis
659 1635 895 1700 locumtenens
910 1645 945 1702 et
961 1634 1173 1721 vicegerens,

436 1751 519 1817 Visa
540 1750 704 1835 petitione
730 1770 792 1835 pro
814 1759 911 1834 parte
933 1735 1012 1817 [ini.
1037 1749 1160 1837 Ignatii
1183 1750 1227 1817 de
1249 1751 1391 1836 Loyola,
1416 1748 1568 1836 praepositi
1680 1815 1681 1820 ,

369 1865 541 1951 generalis
557 1865 848 1953 SocietatisJesu,
867 1877 990 1932 contra
1009 1868 1138 1933 Dnum.
1161 1869 1189 1933 F
1191 1866 1383 1933 ranciscum
1406 1864 1567 1933 Ferrarium

365 1980 686 2059 barchinonensem,
705 2002 800 2049 reum
817 1993 1023 2048 conventum
1042 1983 1085 2048 de
1101 1993 1135 2050 et
1147 2004 1252 2068 super
1265 1981 1466 2069 quibusdam
1478 1979 1567 2047 verbis
1680 1987 1681 1990 ’

366 2095 466 2162 dictis
481 2108 516 2163 et
532 2097 673 2182 prolatis
694 2096 857 2182 injuriose
877 2118 919 2163 ac
939 2097 1055 2182 inique
1075 2121 1136 2184 per
1157 2097 1269 2183 ipsum
1297 2100 1425 2164 Dnum.
1450 2095 1566 2164 Franci·
1680 2107 1681 2114 ³

364 2232 460 2277 scum
477 2224 597 2278 contra
612 2212 823 2298 praedictum
839 2216 967 2280 Dnum.
992 2213 1175 2300 ignatium3
1193 2213 1336 2298 visaque
1355 2213 1516 2293 citatione,
1534 2210 1565 2275 ad
1681 2202 1682 2205 '

364 2328 640 2412 respondendum
655 2326 768 2396 dictae
783 2327 943 2413 petitioni
959 2331 1061 2410 facta3
1077 2341 1112 2397 et
1127 2328 1201 2395 visa
1213 2328 1427 2396 confessione
1438 2327 1565 2412 ejusdem

363 2441 444 2511 Dni.
463 2445 490 2509 F
492 2442 635 2510 rancisci
652 2442 863 2530 superdicta
879 2442 1054 2529 petitione,
1072 2465 1140 2510 vna
1156 2464 1235 2510 cum
1252 2444 1482 2530 acceptatione
1494 2440 1566 2507 dicte

361 2559 587 2626 confessionis
604 2581 665 2646 pro
685 2571 781 2645 parte
800 2559 884 2625 dicti
905 2559 985 2627 Dni.
1009 2559 1145 2646 Ignatii3
1168 2571 1202 2629 et
1223 2559 1297 2628 viso
1319 2559 1471 2639 termino,
1493 2557 1566 2622 dicto
1680 2557 1681 2560 ’

360 2674 543 2742 Francisco
559 2675 746 2762 assignato,
761 2677 804 2742 ad
815 2675 1009 2742 docendum
1021 2677 1066 2742 de
1082 2675 1312 2742 satisfactione
1327 2677 1481 2762 allegata
1494 2672 1565 2739 risa·

360 2811 428 2876 que
454 2791 687 2859 declaratione
715 2792 868 2876 ejusdem
891 2791 1075 2870 Francisci,
1097 2813 1158 2878 per
1185 2812 1287 2876 quam
1314 2789 1400 2858 dixit
1426 2813 1462 2858 se
1485 2787 1564 2855 satis·

360 2906 482 2975 secisse
503 2907 539 2973 in
560 2908 654 2973 hunc
675 2907 816 2973 modum
837 2907 896 2993 qui
917 2905 1083 2992 sequitur,
1106 2906 1276 2974 videlicet:
1299 2907 1392 2993 Quia
1412 2907 1444 2972 in
1467 2905 1565 2974 eodem

358 3023 436 3091 loco
450 3033 485 3089 et
501 3044 618 3089 coram
634 3022 763 3090 eisdem
781 3021 947 3108 personiS,
965 3021 1022 3087 vbi
1038 3021 1126 3088 dixit
1139 3023 1243 3090 verba
1258 3021 1434 3107 injuriosa,
1452 3021 1491 3088 de
1504 3018 1565 3104 qui-

359 3138 424 3204 bus
440 3138 476 3203 in
491 3137 670 3223 petitione,
688 3149 810 3204 contra
825 3138 955 3204 dictum
976 3140 1104 3205 Dnum.
1131 3137 1316 3224 Ignatium,
1338 3137 1462 3203 ibidem
1481 3134 1565 3204 etiarn

358 3252 443 3319 dixit
460 3252 549 3322 idem
566 3255 593 3320 F
595 3253 770 3320 rauciscus
786 3255 813 3319 F
815 3252 962 3322 errerius
974 3249 1066 3338 quod
1077 3253 1121 3319 de
1133 3252 1292 3319 omnibus
1307 3265 1342 3320 et
1354 3251 1493 3339 singulis
1503 3270 1566 3314 ver·

357 3367 410 3434 bis
425 3368 609 3453 injuriosis,
628 3389 717 3453 quae
728 3367 860 3435 dixerat
875 3367 1135 3435 contradictum
1149 3367 1473 3454 Dnum.1gnatium,
1487 3385 1566 3431 men·

359 3482 442 3549 titus
456 3495 575 3562 est,‹et
598 3485 692 3568 quod
712 3484 800 3550 male
821 3483 905 3550 fecit
925 3505 963 3551 se
982 3478 1109 3550 dixisse
1129 3482 1281 3568 predicta
1304 3461 1420 3562 verba,
1446 3481 1566 3564 visaque

356 3599 519 3666 citatione
535 3601 579 3665 ad
596 3599 801 3693 audiendam
817 3598 1023 3668 sententiam
1040 3620 1102 3684 pro
1116 3597 1174 3668 die
1188 3598 1365 3680 hodierna;
1383 3611 1417 3666 et
1434 3597 1508 3664 visis
1524 3595 1564 3658 vi-

356 3715 478 3781 dendis
493 3736 534 3781 ac
549 3713 772 3782 consideratis
793 3713 1062 3794 considerandis,
1081 3715 1235 3801 partibus
1250 3712 1377 3783 ibidem
1397 3709 1565 3800 respective

353 3829 606 3915 praesentibus
628 3829 879 3916 pronuntiauit,
897 3829 1085 3898 declarauit
1105 3843 1140 3898 et
1161 3829 1396 3913 sententiauit,
1419 3829 1504 3916 quod
1523 3825 1564 3892 di·

352 3956 430 4011 ctus
453 3945 606 4012 iominus
623 3947 650 4012 F
652 3943 826 4012 ranciscus
842 3945 1029 4027 Ferrarius,
1048 3967 1110 4032 pro
1133 3966 1175 4014 eo
1191 3946 1283 4032 quod
1297 3957 1312 3984 ⁸
1327 3946 1501 4012 confessus
1514 3939 1564 4007 init

352 4082 390 4127 se
411 4060 539 4130 dixisse
562 4061 728 4128 nonnulla
743 4062 850 4128 verba
870 4061 1032 4146 injuriosa
1047 4073 1167 4129 contra
1188 4061 1317 4130 dictum
1334 4063 1462 4129 Duum.
1480 4062 1564 4146 Igna·

355 4177 440 4243 tium
456 4188 491 4244 et
511 4179 603 4263 quod
627 4179 670 4244 de
694 4177 760 4244 illis
783 4177 898 4244 verbis
921 4176 1093 4263 injuriosis
1117 4179 1281 4246 mentitus
1305 4177 1381 4260 fuit,
1407 4188 1565 4266 propterea

405 4453 419 4480 a
456 4453 508 4508 pro
521 4453 558 4492 eo
570 4454 617 4508 qr.
635 4435 704 4490 dum
718 4453 775 4492 ms.

354 4575 565 4590 *—

404 4665 412 4695 ¹
447 4662 496 4715 Ex
509 4661 687 4734 apographo,
698 4659 728 4716 in
741 4659 814 4716 Cod.
827 4661 915 4714 Rom.
930 4661 972 4728 11,
983 4678 1012 4716 n.
1027 4661 1165 4734 xxxin,
1177 4661 1287 4735 duplici
1301 4663 1382 4744 tolio,
1396 4666 1485 4720 alteru
1494 4675 1563 4734 puro·
