3500 5367
405 460 459 531 614
674 452 677 459 '
785 450 995 518 'llouuusurs
1014 460 1196 517 lauritius

438 616 467 680 Ε
483 636 551 682 vna
567 636 630 681 vez
645 616 677 682 le
693 613 774 681 vino
790 604 912 695 testa,
930 636 998 699 que
1019 615 1166 695 declara,
1188 618 1314 700 agonia
1333 615 1379 682 de
1398 634 1437 680 se
1454 636 1493 699 yr
1508 620 1527 680 i
1542 636 1580 679 sn

372 751 503 814 yerm0;
520 735 541 797 e
556 751 625 816 que
639 732 673 796 lo
687 730 770 796 dixo
786 735 810 799 d.
828 729 959 798 Calisto
978 752 1062 816 para
1083 752 1151 814 que
1169 730 1207 816 le
1222 728 1341 798 dixese
1356 730 1390 796 lo
1409 749 1475 814 que
1488 730 1518 798 le
1529 750 1577 816 pu·

371 849 491 929 rescia.
511 847 540 912 E
555 846 589 912 le
603 844 684 911 dixo
700 866 768 930 que
783 848 866 915 hera
882 847 976 912 buen
991 845 1240 931 pensamientO,
1258 850 1279 911 e
1294 866 1375 931 que,
1388 864 1516 911 oommo
1528 846 1578 913 ella

373 958 535 1046 quisiese,
553 982 591 1030 se
608 962 694 1027 faria
708 958 729 1030 ἰ.

439 1078 469 1143 E
484 1077 606 1145 estole
621 1074 785 1161 dixoque
800 1097 839 1145 se
854 1076 1169 1162 querlayrcone13
1186 1081 1207 1143 ἑ
1222 1076 1255 1143 el
1271 1076 1304 1144 le
1319 1075 1579 1163 dixo,quec01n·

373 1212 430 1258 mo
445 1192 511 1259 ella
527 1190 688 1278 quisiese‚
707 1214 774 1278 que
798 1192 842 1259 de
857 1193 891 1259 la
906 1212 1046 1259 manera
1066 1214 1134 1278 que
1147 1193 1214 1261 ella
1229 1192 1390 1277 quisiese,
1407 1213 1445 1259 se
1461 1192 1545 1259 laria
1559 1191 1583 1256 E

373 1309 521 1394 despues
536 1321 612 1375 esta
627 1307 753 1395 testigo
768 1310 871 1376 hablo
887 1329 955 1375 con
975 1308 1116 1395 Ynnigo
1132 1313 1153 1376 ἐ
1172 1310 1204 1376 le
1219 1309 1277 1375 did
1296 1318 1394 1395 parte
1412 1310 1456 1375 de
1474 1307 1583 1377 ellafi

373 1444 442 1508 que
463 1424 612 1510 despues
631 1423 749 1511 Ynigo
770 1424 872 1492 habld
895 1445 960 1491 con
981 1434 1056 1493 esta
1075 1444 1143 1509 que
1163 1424 1313 1506 declara,
1329 1430 1351 1491 e
1366 1423 1399 1491 le
1419 1423 1497 1492 diro
1516 1444 1579 1509 que,

374 1539 512 1624 quando
534 1539 567 1605 el
588 1561 626 1608 se
646 1544 723 1606 avia
742 1539 864 1623 salida,
887 1562 955 1607 non
975 1561 1013 1607 se
1038 1544 1116 1606 avia
1137 1540 1324 1625 consejado
1343 1560 1413 1607 con
1432 1538 1584 1625 ningunm

373 1655 522 1722 dindole
538 1658 559 1721 ά
574 1655 741 1723 entender
756 1675 823 1739 que
837 1676 920 1741 para
935 1655 1070 1740 aquello
1085 1677 1155 1722 non
1171 1660 1249 1723 avia
1264 1667 1435 1724 menester
1448 1653 1581 1737 consejo.

441 1770 470 1835 E
486 1790 554 1836 vna
568 1792 630 1839 ves
645 1780 764 1837 estana
780 1781 867 1851 esta,
884 1791 954 1855 que
968 1771 1115 1853 declara,
1129 1770 1364 1840 determinada
1374 1772 1419 1839 de
1433 1792 1471 1837 se
1484 1788 1582 1855 yrcon

375 1886 408 1951 el
423 1884 567 1966 Calisto‚
581 1890 601 1953 e
617 1890 725 1971 penso
740 1905 784 1952 en
804 1907 846 1953 su
865 1884 1102 1972 pensamiento
1121 1886 1166 1953 de
1185 1885 1280 1967 decit
1297 1906 1367 1970 que
1380 1886 1415 1952 el
1433 1887 1467 1951 la
1485 1881 1583 1949 uviese

366 2001 572 2070 -levantado
590 2002 618 2066 E
634 2010 720 2083 esta,
738 2022 806 2086 que
821 2002 970 2082 declara,
988 2002 1130 2069 confesd
1149 2012 1225 2072 esto
1244 2006 1266 2067 t
1286 2024 1330 2068 su
1348 2001 1515 2079 contesor3
1528 1996 1581 2063 del

428 2207 436 2247 i
473 2205 616 2277 Quinque
627 2211 781 2278 sequentes
787 2207 993 2281 paragraphi,
1007 2224 1098 2279 usque
1110 2208 1152 2263 ad
1164 2208 1209 2262 Eu
1222 2206 1318 2262 xnll·
1329 2205 1368 2261 de
1381 2207 1479 2279 ldayo,
1490 2203 1587 2261 aeide

376 2303 487 2350 rantur
501 2298 533 2350 in
546 2295 637 2353 ιιαὶί.»

376 2456 522 2513 castitatis
545 2474 666 2533 munere
687 2475 706 2513 a
725 2456 892 2529 primordiis
913 2475 986 2514 suae
1006 2457 1210 2515 conversionis
1230 2469 1366 2514 ornatum
1384 2458 1486 2529 fuisse,
1502 2466 1584 2512 umen

378 2562 436 2602 non
449 2552 562 2602 tautum
573 2546 631 2602 sibi
641 2546 687 2601 vir
695 2544 877 2604 humillimus
887 2547 1049 2618 tribuebat,
1059 2555 1103 2618 ut,
1112 2548 1139 2603 si
1152 2546 1317 2604 manifestis
1326 2546 1487 2604 laedendae
1495 2545 1582 2619 purita-

376 2636 415 2692 tis
428 2634 632 2693 occasionibus
644 2652 679 2691 ac
691 2636 830 2709 periculis
843 2654 876 2693 se
889 2645 995 2710 sponte
1011 2636 1165 2709 objiceret,
1178 2644 1311 2711 speraret
1323 2636 1510 2693 nihilominus
1521 2634 1582 2689 irco

376 2728 485 2781 lumem
498 2741 667 2794 evasurum
677 2741 774 2798 neque
788 2734 941 2798 praeterea
953 2724 984 2780 id
996 2724 1092 2798 ipsum
1101 2725 1140 2781 de
1150 2743 1205 2782 suo
1216 2725 1298 2781 socio
1307 2725 1443 2795 Callisto,
1455 2741 1536 2798 quem
1544 2719 1584 2775 uli

377 2815 568 2871 castimoniae
583 2813 662 2870 dono
682 2813 848 2887 praeditum
866 2832 925 2870 non
942 2812 1035 2871 fuisse
1056 2832 1093 2871 ex
1114 2815 1228 2889 reliqua
1251 2814 1385 2887 ejusdem
1404 2815 1466 2871 vita
1482 2812 1583 2876 remu,

377 2921 564 2977 praesumere
581 2913 613 2960 et
628 2903 774 2977 spondere
796 2903 952 2976 potuisset.
966 2904 1061 2975 Igitur
1078 2922 1116 2960 ne
1134 2903 1244 2960 factum
1262 2903 1382 2960 omuino
1399 2918 1535 2975 negemus
1544 2909 1584 2955 aut

377 2994 474 3051 omnia
487 3012 504 3049 a
518 2994 609 3050 Maria
620 2992 746 3050 conficta
757 2992 850 3049 fuisse
863 2994 1006 3065 dicamus,
1016 2994 1089 3050 illud
1100 2994 1291 3050 verisimilius
1302 2995 1465 3066 contigisse
1476 2991 1583 3063 suspie-

377 3103 451 3156 mur,
466 3084 625 3157 Ignatium,
638 3091 670 3139 ut
681 3082 864 3140 diffidentem
878 3083 998 3140 Mariam
1016 3083 1145 3156 erigeret
1155 3085 1328 3163 animosque
1340 3084 1370 3140 ei
1381 3084 1420 3139 ad
1431 3079 1584 3140 serrandus

377 3172 547 3248 pudicitiam
560 3174 693 3243 adderet,
707 3172 763 3229 Dei
772 3174 898 3244 gratiam
911 3182 944 3228 et
954 3172 1095 3230 auxilium
1105 3173 1258 3243 extulisse,
1272 3174 1323 3247 qui
1332 3174 1522 3247 babylonicos
1529 3184 1583 3242 pue

379 3281 426 3319 ros
439 3280 491 3336 per
505 3262 616 3318 medias
629 3262 761 3318 dammas
773 3260 912 3318 incedere
929 3262 1091 3319 incolumes
1107 3261 1224 3335 iecerit,
1242 3262 1352 3335 quique
1370 3260 1587 3321 vatestanae,

377 3350 522 3425 quondam
536 3350 618 3408 vitiis
632 3352 798 3421 immersos,
811 3352 876 3407 sine
893 3350 1078 3423 contagionis
1100 3352 1168 3409 labe
1184 3352 1275 3407 etiam
1293 3352 1324 3407 in
1338 3353 1455 3423 magnis
1470 3346 1594 3423 peruls

377 3440 558 3497 castissimos
570 3432 755 3496 conservare.
771 3438 805 3495 In
818 3440 896 3496 hunc
910 3440 1027 3495 modum
1041 3442 1137 3513 potuit
1149 3438 1275 3497 fortasse
1287 3440 1423 3512 lgnatius
1439 3436 1542 3513 aliquid
1552 3433 1589 3491 nd·

375 3530 477 3603 jicere,
491 3528 573 3585 etde
586 3546 619 3585 se
636 3528 746 3596 dicere,
759 3529 838 3603 quod
853 3531 929 3585 male
945 3528 1066 3602 capiens
1078 3537 1109 3585 et
1122 3528 1153 3585 in
1165 3528 1256 3585 alium
1270 3546 1403 3601 sensum,
1421 3538 1455 3585 ut
1470 3543 1552 3599 saepe
1566 3523 1591 3577 iu
1613 3527 1617 3535 '

377 3618 570 3675 concionibus
592 3617 636 3687 fit,
655 3618 746 3675 Maria
767 3618 964 3691 detorquens,
981 3619 1055 3674 haec
1075 3634 1173 3674 coram
1192 3616 1343 3691 judicibus
1364 3627 1477 3675 temere
1492 3612 1593 3681 effudit,

378 3724 454 3781 quae
467 3708 578 3762 absona
591 3724 694 3762 revers
707 3714 777 3762 sunt
792 3714 822 3763 et
841 3708 871 3762 in
886 3707 1033 3778 lgnatium
1050 3706 1156 3763 cadere
1173 3715 1335 3781 nequeunt.
1352 3708 1399 3762 Ex
1415 3707 1453 3763 iis
1468 3722 1536 3762 vero
1546 3712 1590 3758 str-

380 3808 463 3854 tuere
481 3813 637 3870 possumus
653 3796 725 3870 quid
746 3795 784 3851 de
802 3798 1008 3869 sequentibus,
1020 3813 1096 3870 quae
1118 3796 1219 3853 statim
1238 3807 1405 3868 sanantur,
1419 3794 1589 3870 judicandum

378 3886 428 3944 sit.
442 3886 543 3956 Certe,
554 3903 629 3960 quae
643 3885 844 3942 testimonium
858 3886 972 3955 dicunt,
985 3886 1130 3943 levissimi
1138 3886 1245 3959 judicil
1256 3895 1327 3943 sunt
1338 3884 1477 3956 feminae,
1489 3879 1589 3955 idqudl

378 3976 442 4033 siue
454 3975 546 4033 dubio
556 3975 672 4049 judices
683 3977 903 4048 complutenses
916 3975 1064 4044 viderunt,
1079 3992 1146 4032 curu
1164 3976 1194 4031 in
1207 3975 1356 4032 sententia
1372 3994 1428 4032 sna
1443 3975 1480 4031 de
1490 3968 1593 4045 Ignatii

378 4067 490 4123 nullum
507 4064 546 4121 de
564 4064 600 4120 iis
619 4066 742 4120 verbum
765 4066 914 4137 protulere
939 4081 995 4121 uec
1014 4064 1173 4138 quidquam
1191 4064 1222 4120 iu
1239 4082 1287 4135 eo,
1300 4064 1380 4138 quod
1396 4063 1531 4120 vitiosum
1548 4064 1588 4113 aul

378 4164 463 4229 turpe
476 4162 567 4226 esset,
582 4170 709 4227 unquam
726 4152 994 4227 deprehenderunt.
1008 4152 1097 4225 Quod
1110 4152 1136 4207 si
1148 4152 1246 4209 eidem
1258 4153 1411 4210 silentium
1426 4152 1587 4210 indixerunt.

377 4247 408 4302 id
420 4254 576 4318 propterea
593 4242 773 4312 indixerunt,
786 4244 865 4317 quia,
878 4260 946 4300 cum
959 4252 1004 4299 tot
1021 4245 1097 4299 mala
1111 4244 1220 4317 passim
1239 4242 1422 4315 ingruerent,
1434 4240 1588 4299 nesciebant

377 4353 436 4410 quo
455 4352 488 4389 se
506 4351 554 4389 res
572 4331 739 4404 ignatianae
756 4341 918 4389 verterent.
932 4333 1073 4389 Testatur
1086 4331 1116 4387 id
1134 4332 1277 4389 Araozius
1295 4349 1373 4388 anno
1390 4345 1457 4403 1545
1468 4330 1504 4387 ad
1519 4331 1588 4400 lgm·

378 4424 452 4482 tium
465 4422 609 4480 scribens.
624 4424 762 4493 «Quinto
775 4439 829 4477 uos
842 4440 929 4477 amen
942 4440 962 4493 y
975 4439 1029 4478 nos
1051 4430 1148 4479 traten
1170 4423 1213 4477 los
1226 4421 1308 4479 Sres.
1320 4421 1359 4477 de
1376 4423 1405 4477 la
1417 4417 1589 4495 Inquisieitnt

377 4530 416 4570 no
429 4513 530 4586 podria
541 4511 687 4569 dezirlo...
706 4512 741 4567 El
759 4514 821 4567 mis
839 4512 962 4582 antiguo
974 4510 1069 4567 dellos
1085 4530 1134 4567 me
1151 4510 1268 4582 dixo,...
1285 4528 1345 4585 que
1361 4526 1458 4567 aunon
1468 4527 1504 4566 en
1515 4506 1589 4565 lalu-

377 4602 523 4677 quisicion
536 4619 570 4657 se
582 4604 649 4657 avla
667 4600 812 4674 depuesto
824 4600 872 4656 del
891 4599 985 4656 Padre
1003 4600 1088 4657 Mtre.
1108 4598 1204 4672 luigo,
1219 4603 1282 4657 mis
1293 4599 1333 4656 de
1345 4602 1374 4657 la
1384 4602 1490 4657 comdn
1504 4610 1589 4668 stupe

378 4694 504 4766 chaque
517 4708 550 4747 se
561 4690 703 4759 tenla,.de
715 4694 821 4764 enque
835 4693 978 4764 paratio.»
991 4691 1090 4764 Epist.
1105 4691 1231 4758 Mixtus,
1244 4691 1271 4765 1,
1284 4702 1347 4761 227.
