3500 5367
464 461 497 515 Ρ.
519 459 707 544 succursus·
722 474 765 516 ou
786 461 818 516 Ρ.
839 461 961 518 Sinone
981 464 1159 520 Rousarcro
1337 474 1388 533 7⁰¹

389 716 576 835 'parsu
603 645 897 838 runucrggus
926 733 1197 838 siccamus

576 905 682 951 PATRI
700 904 840 952 eorunm
864 905 1048 952 cusrrnno

679 1026 698 1080 6
711 1039 821 1081 ωιτη
836 1027 905 1108 roro
922 1031 941 1084 ¹.

186 1151 412 1224 Defenduntur
433 1170 511 1224 quae
533 1154 567 1207 in
587 1153 692 1224 prima
710 1157 801 1224 parte
823 1153 981 1208 Historiae
1008 1152 1165 1209 Socielntis
1181 1154 1257 1225 Jesrt
1272 1152 1368 1224 suere
1391 1153 1428 1207 ab

246 1242 423 1298 orlandino
434 1244 471 1298 de
485 1243 580 1298 Patre
599 1243 721 1298 Simone
739 1243 898 1298 Rodericio
915 1245 1031 1316 scripto
1049 1248 1077 1298 el
1094 1245 1131 1298 ob
1152 1245 1217 1314 ipso
1235 1242 1380 1299 Socchino
1393 1243 1427 1298 in

246 1332 344 1388 lucem
360 1333 458 1388 edita.

803 1431 827 1470 ,1.

811 1475 818 1518 Ι

261 1547 347 1613 Rde.
369 1549 482 1613 Pater.

258 1665 355 1728 Deus
370 1663 434 1729 scit
450 1683 552 1746 quarn
570 1661 652 1727 mihi
668 1662 782 1730 doleat
798 1664 884 1730 adeo
900 1661 1053 1749 grauiter
1072 1661 1182 1748 accipi
1198 1661 1234 1728 in
1250 1659 1428 1730 Lusitania

187 1781 285 1863 quod
300 1778 336 1843 in
353 1776 505 1845 Historia
521 1787 638 1845 nostra
653 1778 696 1844 de
713 1778 753 1843 P.
771 1777 912 1847 Simone
928 1789 1084 1845 narratur
1099 1779 1126 1847 ³.
1144 1779 1220 1850 sed
1231 1777 1428 1845 consolatur

189 1917 248 1964 me
263 1892 475 1962 conscientia
490 1915 578 1962 mea.
596 1892 802 1980 Simpliciter
818 1892 909 1961 enim
926 1894 1093 1962 affirmare
1110 1914 1250 1980 possum
1267 1915 1326 1982 ,me
1343 1913 1428 1978 erga

188 2010 283 2078 illam
299 2008 523 2097 prouinciam,
543 2021 612 2075 tam
627 2010 717 2076 bene
733 2009 776 2077 de
794 2019 864 2076 tota
880 2009 1052 2078 Societate
1069 2009 1237 2092 meritam,
1251 2014 1344 2093 quae
1357 2019 1426 2073 tarn

190 2125 347 2213 insignes
364 2125 456 2192 uiros
472 2123 519 2194 illi
536 2123 643 2206 dedit,
660 2137 696 2193 et
712 2135 845 2192 tanturn
861 2148 923 2212 per
943 2146 1061 2192 omnes
1079 2135 1185 2192 terras
1206 2145 1331 2192 nomen
1352 2123 1427 2192 eius

188 2241 388 2323 illustrauit,
402 2240 583 2328 praecipua
596 2241 742 2327 quadarn
756 2241 981 2327 propensione
993 2242 1156 2310 allectum
1170 2263 1257 2321 esse,
1272 2252 1307 2308 et
1319 2239 1428 2326 (quod

189 2357 227 2424 in
244 2377 299 2423 me
316 2357 390 2441 fuit)
407 2355 622 2442 perstudiose
649 2355 794 2436 cauisse,
814 2368 853 2423 ut
872 2379 947 2424 eam
964 2357 1078 2443 potius
1098 2357 1375 2424 commendarem
1389 2365 1427 2424 'et

190 2457 403 2558 extollerem,
421 2493 523 2557 quam
542 2472 611 2550 ullo
626 2474 730 2539 modo
747 2471 869 2539 uellem
886 2472 1068 2559 quiequam
1085 2471 1159 2539 eius
1180 2471 1341 2559 dignitati
1364 2473 1426 2538 de-

191 2599 352 2668 tractum,
371 2599 406 2656 et
423 2587 457 2653 in
474 2611 515 2656 ea
536 2588 730 2656 narratione
753 2587 878 2655 multas
899 2609 1018 2674 preces
1035 2589 1078 2654 ad
1098 2591 1211 2654 Deum
1235 2587 1368 2668 secisse,
1391 2598 1426 2654 et

191 2726 329 2773 omnem
353 2704 548 2771 cautionem
575 2703 785 2784 adhibuisse,
806 2714 843 2770 ut
870 2716 1049 2789 quantum,
1080 2703 1176 2770 salua
1203 2703 1424 2781 conscientia,

191 2819 323 2900 liceret,
342 2842 396 2887 res
411 2819 486 2888 sine
502 2819 705 2904 cuiusquam
720 2819 912 2888 ofsensione
928 2818 1134 2888 dicerentur.
1155 2822 1245 2908 Jam,
1264 2817 1426 2904 quoniam

192 2937 236 3004 R.
254 2935 300 3006 V.
316 2935 458 3022 dignata
473 2947 527 3002 est
551 2956 685 3004 mecum
706 2935 959 3004 communicare
980 2937 1129 3003 dolorem
1151 2933 1246 3000 illum
1271 2935 1425 3011 Parrum,

190 3051 228 3116 in
244 3049 440 3137 insipientia
456 3074 533 3120 mea
549 3071 735 3137 proponam
751 3051 934 3136 quaemihi
950 3053 994 3117 ad
1010 3051 1242 3118 consolandos
1254 3049 1329 3116 illos
1346 3071 1426 3116 suc-

192 3179 351 3232 currunt.

261 3282 341 3348 Tria
357 3281 458 3350 video
473 3303 549 3348 esse
566 3281 689 3367 capita,
707 3283 752 3349 de
767 3281 892 3369 quibus
908 3281 1072 3367 conqueri
1089 3280 1232 3368 possint.

261 3397 427 3477 Primum,
445 3398 550 3482 quod,
569 3419 658 3482 quae
673 3410 867 3480 narrantur,
888 3419 969 3465 uera
985 3421 1053 3466 non
1070 3399 1150 3465 sint.

261 3523 331 3591 Ν,
351 3513 455 3596 quod,
473 3511 576 3579 etiam
593 3512 621 3578 si
641 3534 721 3580 uera
736 3512 817 3593 sint,
833 3514 1002 3580 narranda
1018 3537 1089 3581 non
1107 3513 1246 3584 luerint.

263 3641 333 3713 33¹¹,
355 3630 461 3713 quod,
487 3627 589 3696 etiarn
618 3628 647 3696 si
669 3651 748 3696 vera
777 3629 858 3710 sint,
877 3641 912 3696 et
935 3633 1104 3698 narranda
1132 3631 1271 3711 luerint,
1290 3652 1359 3697 non
1384 3625 1427 3699 eo

193 3745 296 3810 modo
312 3745 439 3836 fuerint
457 3745 636 3811 narranda.

262 3862 368 3944 Quod
384 3859 533 3948 pertinet
553 3862 597 3926 ad
617 3859 763 3946 primum
780 3873 900 3946 caput,
923 3864 989 3929 hoc
1009 3863 1120 3930 solum
1141 3860 1230 3930 dico.
1254 3861 1291 3932 Si
1312 3885 1352 3931 ea
1373 3841 1428 3930 re-

195 3987 363 4043 uocantur
375 3975 409 4042 in
422 3976 578 4057 dubium,
594 3975 678 4042 'nihil
690 3975 724 4041 in
738 3987 809 4042 tota
821 3976 986 4058 Historia,
1005 4000 1073 4045 non
1087 3979 1188 4046 modo
1204 3990 1349 4062 certum,
1367 3979 1428 4046 sed

192 4114 239 4160 ne
255 4091 431 4178 probabile
448 4092 585 4177 quidem
602 4112 690 4159 esse.
710 4092 802 4177 Quia
819 4103 891 4161 tota
904 4093 1059 4162 Historia
1075 4095 1220 4162 maxime
1233 4093 1354 4162 nititur
1365 4114 1430 4162 au-

194 4207 334 4275 toritate
351 4210 392 4274 P.
413 4207 566 4289 Polanci3
582 4206 640 4272 illa
664 4219 792 4288 autem,
811 4231 899 4294 quae
921 4208 1092 4296 pertinent
1113 4209 1157 4276 ad
1174 4213 1214 4276 P.
1227 4209 1428 4308 Simonem,

149 4411 153 4418 .
194 4344 265 4391 non
281 4323 383 4390 modo
406 4322 590 4392 autoritate
608 4327 646 4390 P.
670 4323 809 4391 Polanci
836 4325 1005 4406 nituntur,
1024 4325 1084 4392 sed
1112 4326 1264 4393 omnium
1287 4329 1427 4394 Patrum

250 4516 258 4546 ¹
296 4512 341 4566 Ex
355 4512 548 4582 autographo,
562 4511 592 4566 in
603 4510 744 4567 fasciculo
760 4511 862 4566 Οαιιεα
875 4513 912 4568 P.
928 4513 1061 4568 Simonis
1074 4514 1259 4588 Rodrigues,
1271 4529 1289 4584 4
1303 4513 1346 4585 ff.,
1359 4531 1429 4586 quo·

192 4617 256 4655 rum
270 4600 397 4672 primum
410 4599 632 4673 inscriptionem
647 4609 761 4657 tantum
771 4601 917 4670 continet,
930 4610 1067 4674 quartum
1082 4619 1153 4659 vero
1165 4621 1270 4676 purum
1283 4611 1340 4660 est.

248 4693 260 4724 ²
297 4687 687 4760 Ouranuruus,xlv,4-6.
1102 4689 1109 4702 '
