3500 5367
468 487 503 541 P.
524 485 710 568 siccamus
728 498 771 540 oa
791 484 824 540 Ρ.
844 486 967 542 Sruour
986 486 1165 542 Ronrmcro
1349 481 1402 555 703

192 643 279 709 dam
294 639 693 726 Historiam-profitetur
712 661 750 707 se
770 639 979 726 scripturum
997 651 1033 707 et
1052 641 1143 706 bona
1158 651 1193 706 et
1211 640 1308 706 mala.
1334 639 1435 707 Unde

196 757 354 842 sequitur
368 767 422 836 ut,
431 757 521 822 mala
532 755 720 836 reticend0,
730 768 912 824 censeatur
923 756 1091 823 affirmare
1104 757 1198 822 nulla
1212 754 1329 838 fuisse3
1340 754 1433 840 quia,

199 872 232 939 si
249 873 406 953 fuissent,
427 872 619 939 debuerant
635 870 718 939 diei.
747 875 806 950 Ut,
832 893 913 938 cum
934 871 1011 957 quis
1027 871 1180 958 legitime
1202 871 1437 956 interrogatur

198 988 238 1054 in
254 987 392 1068 iudicio,
410 1009 479 1054 non
501 998 612 1074 potest
640 999 753 1055 tacere
781 987 972 1069 ueritatem3
991 999 1026 1054 et
1053 1009 1131 1055 cum
1161 1000 1295 1072 tempus
1315 998 1350 1054 et
1366 985 1452 1052 cir-‘

198 1104 428 1171 cumstantiae
443 1103 598 1189 obligant
621 1105 665 1169 ad
688 1114 863 1172 externam
888 1103 1134 1190 professionem
1160 1103 1251 1184 fidei,
1270 1103 1367 1170 nefas
1383 1115 1436 1171 est

197 1241 277 1288 eam
292 1219 519 1288 dissimulare.
539 1219 642 1303 Quod
657 1219 688 1284 si
703 1218 781 1304 quis
796 1220 901 1286 nollet
917 1219 1067 1288 scribere
1088 1218 1154 1284 nisi
1175 1221 1277 1298 bona,
1297 1217 1434 1284 titulum

199 1337 329 1404 faceret
345 1335 441 1422 operi
456 1356 532 1416 suo,
550 1357 621 1402 non
637 1334 790 1402 Historia
805 1334 1015 1421 simpliciter,
1038 1309 1099 1403 sed
1123 1333 1277 1402 Historia
1293 1335 1433 1404 selecta.

200 1452 256 1517 Ex
271 1451 396 1536 quibus
410 1450 569 1518 omnibus
585 1462 737 1537 apparet,
755 1472 834 1517 cum
850 1473 871 1516 a
887 1450 986 1517 nobis
1001 1437 1168 1517 scribatur
1186 1449 1340 1517 Historia
1353 1450 1435 1516 sim-

199 1567 347 1652 pliciter,
366 1578 469 1651 atque
481 1568 567 1633 adeo
583 1551 737 1633 Historia
752 1564 912 1652 religiosa
928 1577 963 1632 et
979 1587 1089 1656 saera,
1104 1568 1212 1632 multo
1228 1565 1383 1632 seuerius
1396 1585 1436 1631 ac

201 1680 397 1768 religiosius
412 1682 509 1768 leges
524 1680 723 1749 essentiales
744 1683 932 1749 seruandas
949 1703 1036 1762 esse,
1060 1693 1098 1746 ut
1119 1693 1277 1749 seruetur
1294 1680 1434 1760 ueritas;

202 1819 387 1883 quaecum
405 1819 486 1865 uere
511 1797 645 1864 dicatur
665 1797 778 1864 anima
802 1791 987 1878 Historiae,
1018 1797 1046 1864 si
1063 1820 1104 1867 ea
1131 1798 1231 1877 desit,
1261 1796 1437 1866 reticendo

204 1936 296 1998 quae
322 1915 450 1982 debent
476 1913 641 1999 expromi,
671 1913 859 1981 Historiam
881 1913 991 2000 perire
1014 1935 1157 1983 necesse
1182 1925 1244 1982 est.
1274 1915 1379 1992 Nam,
1400 1923 1437 1979 ut
1503 1919 1507 1928 '

205 2029 291 2112 dixi,
312 2042 432 2097 contra
448 2029 626 2097 veritatem
643 2041 777 2096 estnon
793 2030 908 2098 dicere
926 2052 1014 2116 quae
1029 2031 1157 2099 debent
1172 2029 1252 2096 dici.

205 2161 209 2166 ·
279 2148 428 2213 Possent
454 2149 540 2211 haec
567 2144 729 2231 explicari
763 2146 889 2227 fusiuS,
924 2147 984 2214 sed
1016 2147 1126 2214 solum
1159 2145 1333 2232 cogitetur
1359 2147 1436 2210 hoc:

205 2273 337 2348 quanta
352 2259 477 2326 iniuria
492 2261 589 2326 lieret
606 2260 668 2326 toti
685 2262 836 2327 humano
853 2261 986 2347 generi,
1004 2273 1038 2328 et
1056 2261 1175 2348 quanti
1190 2282 1324 2328 errores
1341 2282 1438 2346 spar-

204 2389 383 2464 gerentur,
398 2377 427 2442 si
439 2376 560 2444 liceret
572 2375 735 2442 historico
747 2378 889 2445 alteram
902 2379 1012 2444 solum
1027 2390 1157 2462 partem
1171 2379 1312 2446 referre.
1329 2378 1439 2445 Nemo

204 2491 297 2561 enim
314 2494 485 2559 latronum
501 2490 688 2578 insignium
705 2503 741 2558 et
757 2491 1008 2561 haereticorum
1025 2507 1089 2572 est,
1108 2493 1166 2577 qui
1179 2514 1248 2558 non
1262 2492 1364 2558 faciat
1377 2491 1439 2559 ali-

205 2630 275 2693 qua
290 2607 462 2674 moraliter
478 2610 580 2687 bona,
599 2618 633 2673 et
655 2607 827 2676 interdum
848 2608 1029 2696 insigniter
1050 2611 1153 2678 bona.
1176 2608 1212 2678 Si
1234 2609 1311 2693 quis
1333 2607 1440 2694 igitur

205 2724 426 2809 profiteretur
442 2746 479 2791 se
495 2723 644 2792 seribere
659 2723 764 2790 vitam
781 2723 928 2791 hominis
945 2723 1034 2804 tatis,
1052 2735 1087 2791 et
1102 2735 1228 2792 taceret
1245 2723 1435 2804 latrocinia,

205 2850 242 2906 et
258 2841 429 2918 haereses,
447 2850 483 2904 et
498 2839 564 2904 alia
583 2841 725 2920 scelera,
755 2851 790 2909 et
806 2841 917 2906 solum
946 2850 1099 2907 narraret
1127 2839 1239 2923 aliqua
1257 2840 1346 2905 facta
1363 2839 1434 2904 ani·

205 2976 301 3023 mose
316 2965 352 3019 et
367 2955 550 3040 sagaciter,
569 2965 672 3040 atque
687 2955 789 3022 etiam
805 2955 872 3041 pie,
892 2966 929 3020 ut
946 2965 1120 3024 seruatum
1142 2958 1306 3022 honorem
1329 2953 1438 3041 virgi-

207 3068 323 3150 nibuS,
337 3068 540 3154 obsequium
553 3081 588 3137 et
601 3071 731 3136 cultum
744 3091 829 3158 erga
840 3070 1088 3158 sanctissimam
1102 3071 1167 3139 Dei
1181 3072 1338 3151 Matrem,
1352 3081 1435 3150 etc-3

207 3207 337 3267 nonne,
355 3184 414 3270 qui
430 3185 476 3250 ita
492 3185 669 3266 scriberet,
689 3197 804 3270 posset
825 3187 961 3254 efficere
983 3197 1019 3251 ut
1037 3209 1057 3253 a
1078 3185 1222 3271 posteris
1243 3185 1266 3250 ii
1288 3187 1439 3252 latrones

204 3302 413 3368 haberentur
429 3323 491 3386 pro
508 3301 592 3367 uiris
607 3301 743 3387 optimis
759 3314 794 3369 et
815 3300 1054 3368 sanctissimis?
1076 3301 1206 3370 Similia
1228 3301 1307 3368 licet
1331 3323 1438 3388 argu-

204 3414 348 3484 mentari
364 3418 408 3482 de
424 3427 498 3482 toto
510 3427 603 3483 statu
620 3415 764 3483 alicuius
778 3417 995 3502 reipublicae,
1016 3429 1075 3482 aut
1092 3416 1284 3484 communis
1301 3428 1435 3498 coetuS,

203 3553 283 3597 cum
300 3553 427 3617 magna
444 3531 566 3598 iniuria
582 3531 726 3598 aliorum
741 3543 934 3617 temporum
947 3542 982 3598 et
999 3533 1139 3599 aliarum
1154 3553 1267 3600 rerum
1280 3531 1438 3618 publica-

203 3653 292 3726 rum,
310 3659 345 3714 et
359 3669 486 3732 magna
501 3646 703 3732 deceptione
719 3648 899 3730 lectorum,
914 3669 1002 3733 quae
1017 3645 1189 3714 interdum
1202 3648 1304 3716 etiam
1321 3659 1438 3716 essent

204 3761 409 3848 perniciosa,
427 3772 478 3841 ut,
496 3761 524 3828 si
546 3774 683 3847 propter
706 3762 799 3829 illam
826 3763 945 3829 falsam
974 3763 1214 3844 narrationem,
1239 3764 1367 3848 aliquid
1387 3765 1437 3830 fa-

204 3891 314 3948 ceret'.

272 3997 370 4063 Haec
386 3993 473 4061 ratio
489 3995 562 4060 sola
577 4015 637 4080 per
654 4015 691 4062 se
718 3994 858 4076 sufficit3
888 3995 948 4060 sed
977 4005 1090 4061 tamen
1107 3995 1171 4062 alia
1200 3995 1304 4082 ctiam
1326 3997 1438 4082 capita

204 4109 374 4191 indicabo,
392 4131 480 4195 quae
500 4109 575 4177 eam
597 4096 812 4177 confirmant.
837 4112 938 4196 Quae
959 4121 997 4176 ut
1024 4092 1189 4177 sincerius
1218 4110 1436 4180 consideren-

204 4238 272 4306 tur,
291 4246 433 4293 necesse
449 4236 502 4292 est
529 4246 570 4292 ca
590 4224 637 4292 ita
664 4238 832 4311 spectare,
862 4229 1025 4311 tanquam
1052 4225 1088 4291 in
1108 4227 1174 4292 alia
1191 4226 1366 4312 provincia
1385 4249 1439 4294 res

203 4340 398 4410 euenerint.
659 4330 662 4335 ’

143 4437 146 4449 ’
272 4459 309 4523 ln
326 4456 491 4543 Historia,
510 4455 669 4541 quamuis
696 4455 847 4522 narratio
873 4456 988 4542 aliqua
1014 4456 1117 4523 huius
1145 4459 1281 4544 generis
1301 4456 1438 4544 aliquod

202 4574 328 4639 habeat
345 4571 610 4652 incommodum,
629 4583 743 4638 tamen
760 4573 888 4640 habere
906 4573 1002 4658 plura
1018 4574 1210 4657 commoda,
1236 4585 1270 4642 et
1293 4572 1436 4654 maiora,

204 4699 339 4754 certum
356 4701 423 4757 est.
