3500 5367
421 478 612 535 Mauortius
631 480 664 535 P.
685 481 857 537 Consacvrr
876 479 970 536 nas.
990 480 1127 535 levino
1301 479 1353 535 531

593 661 597 670 ¹
627 636 662 703 A
679 654 697 719 3
714 634 769 700 del
785 633 920 701 mismo.

228 749 304 835 396.
354 748 394 815 El
412 751 523 817 Padre
539 772 690 838 propuso
705 756 726 817 a
742 752 889 836 Laynes,
907 750 1100 831 Salmeron,
1118 749 1264 830 Madrid‚
1283 749 1310 816 si
1329 772 1392 837 po-

157 865 214 931 dia
229 886 295 950 por
310 886 357 931 vn
373 866 524 952 peccado
539 868 661 933 mortal
677 865 798 934 sabido
814 889 857 934 en
877 864 1072 933 confession
1096 864 1254 951 despedir
1277 871 1297 932 a
1323 887 1393 933 uno

157 1000 203 1045 en
218 980 254 1046 la
269 980 470 1067 Composita,
488 1004 512 1067 y
528 983 771 1069 respondieron
788 1002 856 1067 que
871 978 939 1071 [si‚]
955 960 989 1047 si·
1000 982 1032 1050 el
1047 979 1206 1067 despedir
1218 1002 1264 1047 no
1275 1001 1391 1048 mues-
1492 1051 1495 1056 ,

159 1108 211 1162 tra
229 1097 381 1182 peccado
398 1098 518 1164 mortal
532 1120 576 1166 en
593 1099 625 1166 la
642 1098 846 1185 Comparlia‚
865 1118 950 1184 pnes
970 1119 1014 1184 ay
1035 1098 1179 1164 muchas
1202 1117 1300 1163 cosas
1323 1118 1392 1182 que

160 1214 254 1277 nolo
270 1235 346 1293 son,
365 1236 427 1299 por
443 1216 494 1280 las
509 1216 628 1300 quales
643 1236 681 1283 se
697 1212 851 1301 despide;
868 1236 892 1301 y
907 1214 938 1281 el
956 1214 1068 1279 Padre
1088 1218 1217 1279 mostro
1240 1212 1392 1297 primero

158 1328 278 1395 auerlo
297 1330 431 1416 [hecho]
449 1332 596 1416 algunas
612 1351 715 1397 nezes
731 1332 771 1396 ⁵⁵.

212 1590 237 1622 ⁵⁵
275 1588 439 1645 Probabilis
457 1590 527 1645 olim
546 1590 610 1646 visa
629 1590 685 1645 luit
703 1592 776 1645 haec
795 1589 988 1663 quorumdam
1006 1598 1159 1645 auctorum
1181 1587 1290 1661 opinio,
1311 1604 1389 1641 nunc

163 1692 280 1749 prorsus
293 1679 436 1743 obsoleta,
449 1696 537 1751 posse
549 1677 762 1735 confessarium
781 1679 820 1735 ad
833 1687 987 1735 externam
999 1677 1245 1750 gubernationem
1258 1677 1303 1731 uti
1314 1674 1391 1732 noti·

163 1767 202 1822 tia
215 1784 266 1839 per
280 1765 497 1823 consessionem
514 1768 626 1838 habita,
644 1767 762 1840 quando
778 1785 885 1839 nempe
904 1766 1066 1841 periculum
1084 1768 1170 1823 abest
1187 1775 1219 1820 ut
1236 1774 1390 1839 peccatum

162 1856 223 1911 sive
242 1856 307 1928 ipse
324 1856 480 1929 poenitens
497 1858 656 1924 reveletur,
672 1859 719 1912 vel
733 1874 808 1931 ,usus
821 1856 889 1913 talis
901 1855 1046 1912 scientiae
1065 1856 1241 1912 innotescat.
1263 1854 1309 1909 Ad
1329 1871 1392 1910 rem

163 1944 192 1999 S.
207 1946 378 2017 Alphonsus
390 1944 427 2027 de
442 1946 586 2017 Ltoonto,
605 1946 768 2019 Theologia
780 1946 919 2015 moralis,
933 1945 984 2001 lib.
1000 1946 1052 2017 VI,
1068 1954 1152 2001 tract.
1168 1943 1220 2000 tv.
1234 1944 1280 1999 De
1293 1944 1395 2017 poeni·

162 2034 266 2105 tentia,
280 2052 345 2106 cap.
360 2032 385 2103 3,
403 2052 432 2089 n.
446 2035 513 2105 6561
530 2037 596 2091 «An
613 2034 746 2106 superior
764 2034 804 2090 ob
823 2044 977 2108 peccatum
993 2034 1127 2090 auditum
1146 2033 1177 2089 in
1195 2032 1391 2089 Confessione

164 2124 254 2191 possit
267 2139 406 2178 amovere
420 2122 570 2179 subditum
583 2124 621 2177 ab
634 2121 744 2179 officio?
756 2122 893 2178 Affirmat
905 2123 1094 2194 Sambosrr'sss,
1107 2126 1182 2177 torn.
1201 2135 1227 2191 3.
1239 2118 1331 2177 esus.
1343 2121 1391 2175 18.

164 2210 252 2284 quue
267 2212 349 2285 prius
361 2212 462 2268 docuit
476 2212 515 2272 D.
535 2212 589 2267 Tb.
605 2212 715 2282 Quodl.
730 2227 757 2280 5.
771 2232 799 2284 q.
813 2225 840 2282 7.
855 2230 886 2268 a.
901 2225 946 2283 13,
960 2211 1047 2267 modo
1064 2209 1142 2268 absit
1160 2210 1303 2266 revelatio
1320 2226 1394 2283 pec·

164 2301 230 2374 cati,
245 2302 290 2358 aic
302 2301 415 2357 dicens:
433 2300 473 2356 ‘Si
488 2306 561 2373 ergo
571 2298 679 2357 amotio
692 2300 804 2357 subditi
815 2302 854 2357 ab
871 2300 1125 2357 administratione
1142 2300 1237 2374 possit
1254 2299 1394 2357 inducere

164 2390 198 2445 ad
211 2388 460 2446 manifestandum
474 2398 628 2463 peccatum
640 2390 671 2446 in
684 2390 880 2447 Confessione
896 2389 1041 2461 auditum,
1057 2390 1108 2446 vel
1125 2389 1162 2445 ad
1181 2389 1309 2462 aliquam
1328 2406 1390 2461 pro

165 2481 292 2535 babilam
305 2480 504 2552 suspicionem
516 2479 682 2535 habendam
694 2478 731 2535 de
745 2480 820 2554 ipso,
833 2482 916 2537 nullo
932 2478 1020 2536 modo
1038 2480 1191 2535 Praelatus
1209 2478 1333 2535 deberet
1350 2496 1395 2533 re·

167 2585 294 2624 movere.
308 2567 341 2623 Si
356 2585 426 2624 vero
440 2586 491 2640 per
504 2568 683 2625 amotionem
700 2576 853 2642 peccatum
871 2569 1039 2625 nullatenus
1057 2565 1304 2637 manifestaretur,
1324 2576 1394 2623 tunc

165 2658 218 2713 alia
235 2657 392 2714 occasione
409 2666 539 2731 accepta,
560 2667 661 2731 posset
679 2656 830 2715 subditum
847 2659 886 2714 ab
905 2657 1158 2714 administratione
1177 2672 1340 2723 removere,
1362 2665 1395 2710 et

165 2746 285 2803 deberet
298 2748 354 2801 hoc
366 2745 475 2818 facere,
488 2764 556 2801 cum
569 2745 669 2802 debita
682 2748 820 2803 cautela.'
835 2748 873 2803 Et
884 2746 963 2804 idem
975 2745 1129 2802 confirmat
1141 2746 1172 2801 in
1186 2745 1291 2818 Suppl.
1305 2763 1333 2815 q.
1345 2758 1390 2803 11.

165 2854 194 2891 n.
208 2850 231 2891 1.
246 2836 288 2891 ad
299 2850 325 2905 3.
340 2834 420 2891 ldem
432 2835 535 2891 dicunt
549 2836 580 2891 S.
594 2838 725 2902 Borion,
738 2836 825 2892 Alex.
839 2837 876 2893 ds
889 2836 971 2901 Ales,
992 2835 1100 2905 Gobr„
1114 2834 1185 2891 Pol.
1204 2840 1233 2889 ei
1251 2835 1389 2891 Adrion.

166 2929 212 2995 ap.
225 2925 351 2981 Hubert.
367 2934 388 2981 t.
402 2926 430 2994 b,
446 2942 474 2997 p.
489 2926 552 2981 260.
567 2944 597 2999 q.
614 2938 657 2999 14,
671 2942 705 2982 ac
717 2925 767 2982 alli
779 2942 828 2999 ap.
839 2926 945 2991 Suom,
956 2926 987 2981 d.
1000 2940 1043 2995 33,
1054 2929 1124 2981 aeci.
1135 2937 1163 2994 7,
1175 2922 1226 2997 qui
1239 2925 1315 2980 banc
1328 2940 1392 2979 sen·

167 3016 286 3070 tentiam
300 3023 386 3069 vocat
398 3030 596 3084 communem,
610 3024 643 3070 ut
654 3032 757 3071 revera
770 3024 834 3072 erat
847 3016 925 3072 inter
937 3016 1084 3089 antiquos.

217 3102 277 3158 Sed
289 3102 358 3157 huic
369 3102 521 3158 doctrinae
535 3104 634 3158 obstat
650 3102 738 3159 hodie
755 3105 916 3161 Decretum
935 3102 1030 3161 Clem.
1052 3101 1134 3158 VllI.
1156 3100 1206 3173 (ds
1223 3102 1312 3159 caasb.
1333 3119 1393 3157 res.

164 3197 219 3261 pro
230 3191 368 3247 omnibus
381 3190 481 3265 Relig.
496 3208 524 3248 c.
537 3198 567 3261 4)
579 3190 692 3249 editum
706 3193 750 3248 26.
769 3191 839 3265 Maji
856 3210 904 3249 an.
926 3204 1005 3263 1594.
1022 3191 1075 3247 ubi
1092 3189 1204 3247 dictum
1221 3190 1288 3247 fult:
1309 3190 1393 3246 ‘Tam

168 3282 395 3354 superiores-pro
408 3288 542 3353 tempore
553 3282 728 3353 existentes,
741 3300 829 3355 quam
842 3280 1094 3355 Confessarii,qui
1103 3288 1207 3354 postea
1215 3280 1253 3336 ad
1262 3281 1391 3353 superio·

168 3369 258 3425 ritatis
270 3366 394 3440 gradum
407 3366 517 3425 fuerint
530 3369 667 3443 promoti,
680 3379 805 3428 caveam
814 3370 1058 3443 diligentissime,
1075 3387 1114 3426 ne
1131 3386 1167 3425 ea
1184 3369 1289 3426 notitia
1305 3386 1392 3444 quam

168 3458 201 3513 de
214 3460 335 3515 aliorum
348 3458 479 3529 peccatis
492 3458 522 3513 in
532 3458 726 3516 Confessione
735 3460 902 3532 habuerint,
914 3459 951 3516 ad
961 3460 1139 3516 exteriorem
1147 3457 1394 3530 gubernationem

169 3549 323 3605 utantur.’n
336 3546 418 3601 Haec
432 3546 463 3603 S.
480 3548 625 3619 Ligorius.
1232 3531 1243 3540 ⁰

216 3635 364 3694 Clementi
381 3636 453 3691 Vlll
470 3638 647 3710 praeiverat,
665 3637 701 3695 ad
719 3639 900 3695 Societatem
916 3638 996 3712 quod
1016 3638 1135 3709 attinet,
1158 3636 1223 3710 ejus
1243 3636 1392 3709 generalis

133 3742 141 3761 ¹
169 3726 347 3801 praepositus
359 3724 501 3783 Claudius
515 3727 680 3801 Aquaviva,
693 3728 745 3800 qui
757 3745 834 3784 anno
849 3740 917 3797 1590
930 3726 1097 3799 hujusmodi
1110 3726 1232 3784 notitiae
1245 3744 1331 3784 usum
1340 3744 1393 3783 no-

168 3818 303 3875 stratibus
316 3818 469 3877 interdixit
481 3814 598 3884 (Ordin.
612 3816 688 3873 Gen.
703 3834 731 3873 c.
745 3830 771 3889 2,
787 3836 816 3873 n.
830 3820 888 3888 14),
897 3826 929 3872 et
938 3816 975 3873 ad
984 3817 1165 3873 Societatem
1176 3816 1344 3872 universam
1353 3816 1391 3871 de

168 3904 261 3963 haere
274 3907 500 3965 instructionem
514 3905 605 3974 misit,
618 3923 694 3978 quae
706 3905 808 3961 ordine
817 3906 924 3980 quinta
934 3916 999 3963 est.
1017 3905 1115 3962 Lubet
1130 3904 1265 3961 eedem
1283 3904 1391 3961 scribe·

169 4009 206 4063 re,
220 4006 260 4064 ut,
275 3996 326 4070 qui
339 3996 430 4053 luerit
438 3995 500 4067 jam
512 3994 624 4067 pridem
639 4002 804 4058 nostrorum
818 3994 1292 4071 moderatornmsenausppenitus
1301 4010 1395 4066 agno·

170 4094 270 4143 scattrr:
290 4086 440 4142 «Tametsi
457 4100 516 4141 non
532 4084 640 4140 desunt
657 4085 812 4152 Doctores,
827 4084 881 4157 qui
901 4084 1046 4154 sentiant,
1065 4085 1148 4140 salvo
1169 4083 1391 4140 sacramentalis

168 4174 356 4231 confessionis
373 4174 480 4247 sigillo,
493 4172 582 4245 justis
599 4173 752 4230 decausis
769 4173 859 4230 licere
879 4190 1098 4248 nonnumquam
1110 4171 1299 4229 Confessario
1310 4176 1392 4240 (cum

170 4258 196 4314 id
207 4260 267 4318 fieri
281 4272 379 4336 potest
392 4263 456 4319 sine
470 4264 530 4318 ulla
542 4262 692 4319 revelatae
704 4261 900 4319 consessionis
917 4262 1098 4335 suspicione)
1116 4262 1161 4317 uti
1177 4269 1261 4318 extra
1276 4260 1390 4319 conlea-

170 4348 275 4407 sionem
287 4351 393 4408 notitia
402 4370 453 4425 per
463 4350 682 4408 confessionem
704 4350 815 4420 habita3
829 4359 940 4423 tamen,
953 4351 1091 4424 quoniam
1108 4351 1183 4405 haec
1198 4349 1341 4417 doctrina,
1360 4360 1393 4405 et

170 4456 227 4493 eam
239 4439 334 4512 exigit
347 4442 376 4496 in
388 4448 469 4497 tanta
478 4458 511 4496 re
520 4439 827 4512 circumspectionem,
837 4457 927 4513 quam
936 4455 1055 4496 servare
1065 4438 1237 4511 perdifficile
1248 4437 1298 4510 sit,
1308 4449 1340 4494 et
1349 4438 1391 4494 in·

172 4528 248 4584 terim
257 4539 360 4601 posset
369 4526 525 4603 aliquando
532 4528 682 4585 retardare
691 4528 875 4585 subditorum
884 4528 1064 4600 libertatem,
1071 4544 1159 4601 quam
1166 4526 1254 4600 hujus
1263 4525 1317 4583 fori
1328 4544 1393 4584 san-

171 4615 249 4673 ctitas
262 4626 293 4673 et
307 4627 426 4675 nostrae
441 4616 599 4675 Societatis
616 4618 788 4673 Institutum
805 4619 960 4691 requirunt
976 4618 1006 4674 in
1025 4635 1058 4673 se
1074 4616 1149 4689 ipsis
1166 4618 1313 4690 rebusque
1331 4617 1394 4672 suis

171 4702 349 4763 Confessario
358 4706 535 4780 aperiendis:
550 4705 659 4763 idcirco
672 4706 768 4762 visum
782 4706 868 4763 nobis
877 4716 925 4763 est
935 4706 965 4763 in
975 4705 1103 4762 Domino
1118 4713 1260 4773 statuere,
1270 4704 1347 4760 sicut
1362 4717 1394 4761 et
