3500 5367
398 444 451 513 476
778 446 988 502 Moxuxaxrx
1006 446 1188 501 lonxrmxx

359 607 463 663 tatem
483 596 589 665 fuisse
605 598 675 666 lere
692 611 897 683 exemptam,
915 612 951 665 et
966 596 1135 685 singulari
1150 598 1214 665 Dei
1231 597 1444 683 prouidentia
1459 602 1564 667 lactum

358 712 463 781 etiam
485 714 519 779 in
546 714 701 799 singulos
729 734 848 781 annos:
872 726 975 781 aucto
1001 722 1158 796 numero,
1177 726 1216 780 ut
1243 716 1287 780 ad
1308 733 1375 798 230
1401 710 1565 796 exercuerit

360 851 526 897 numerus
553 828 796 917 collegialium,
818 852 996 915 nunquam
1018 841 1133 898 tamen
1154 852 1225 896 non
1246 830 1311 897 luit
1327 830 1393 897 illis
1415 830 1565 916 prouisum

359 936 573 1015 suficienter.
588 946 721 1013 Deinde
733 946 789 1033 pie
805 948 1014 1033 sperandum
1029 958 1083 1014 est
1101 951 1141 1017 P.
1157 946 1341 1033 Ignatium,
1356 947 1413 1031 qui
1429 946 1473 1012 ita
1483 948 1566 1032 jussit

360 1081 424 1127 nos
439 1063 528 1128 bene
551 1083 690 1148 sperare
704 1064 818 1129 adhuc
834 1063 869 1128 in
890 1064 955 1130 hac
972 1063 1178 1131 mortalitate
1198 1061 1333 1143 viuens,
1352 1062 1388 1127 in
1410 1062 1566 1129 foelicitate

358 1168 498 1245 aelerna
518 1170 662 1244 'beatum
684 1178 809 1244 nostris
830 1179 1094 1257 necessitatibus
1109 1200 1179 1245 non
1196 1180 1395 1245 defuturum
1415 1180 1499 1264 apud
1511 1177 1566 1243 cle-

359 1290 609 1359 mentissimum
628 1296 766 1363 Patrem
787 1305 822 1360 et
837 1294 1016 1361 dominum
1039 1298 1166 1374 Deum,
1178 1294 1244 1379 'qui
1264 1306 1317 1361 est
1340 1294 1527 1361 benedictus
1540 1293 1567 1357 in

359 1409 488 1475 secula
505 1410 630 1477 Amen.
1252 1421 1255 1427 “

765 1640 767 1647 ,
964 1576 988 1656 8

500 1656 766 1771 orerentur
789 1707 827 1775 s,
852 1706 892 1771 P.
920 1706 1098 1773 tonant
1121 1704 1395 1801 nequeenim
1421 1716 1451 1784 2,

661 1841 848 1888 COLLECTA
872 1842 895 1887 Α
920 1842 1037 1904 parus
1062 1841 1234 1888 Lxuc1r1o
1260 1822 1288 1888 ¹..

373 2028 375 2031 ·
427 1987 564 2055 Accidit
581 2011 650 2055 non
667 2012 743 2057 raro
761 2003 799 2057 ut
815 1990 920 2076 aliqui
936 2012 956 2057 e
972 1991 1215 2058 communitate
1227 1990 1262 2055 in
1275 1994 1340 2055 hac
1352 1991 1407 2058 vel
1417 1988 1470 2055 illa
1481 2006 1564 2053 occa·

359 2104 457 2172 sione
480 2126 499 2170 a
523 2115 619 2172 recto
638 2106 791 2187 denient,
810 2116 915 2191 atque
935 2106 1163 2175 in'desectum
1185 2106 1333 2192 aliquem
1355 2106 1561 2190 prolabantur:

359 2221 454 2303 quod
479 2242 522 2286 ne
544 2216 706 2307 deinceps
727 2221 957 2309 contingeret,
980 2244 1049 2289 non
1064 2224 1205 2289 uetabat
1223 2222 1384 2288 uniuerse
1399 2221 1432 2285 id
1446 2227 1563 2285 sanctus

361 2337 476 2415 Pater,
495 2336 586 2421 quod
602 2337 717 2422 lapsus
740 2337 883 2405 alicuius
903 2338 1118 2405 occasionem
1134 2338 1332 2423 praebebat,
1356 2337 1417 2404 sed
1436 2330 1563 2420 particu-

360 2438 429 2517 lare
447 2438 584 2535 aliquod
601 2430 787 2521 remedium
805 2454 1002 2534 adhibebat,
1020 2477 1065 2521 ne
1087 2453 1123 2519 in
1144 2452 1268 2519 similia
1287 2451 1344 2517 alii
1364 2452 1561 2521 incurrerent

356 2577 501 2651 eratque
517 2569 583 2633 huc
598 2567 705 2635 veluti
722 2569 856 2635 axioma
872 2568 975 2635 illius:
998 2580 1136 2654 propter
1155 2572 1301 2635 abusum
1321 2567 1464 2651 aliquem
1483 2559 1561 2640 nihil·

355 2683 449 2765 quod
466 2704 508 2749 ex
524 2705 562 2750 se
578 2685 703 2750 malum
721 2706 789 2750 non
808 2685 864 2765 sit,
882 2708 959 2753 esse
979 2684 1304 2772 laborandumlsicl.

305 2870 310 2879 ,
422 2799 579 2885 Contigit
601 2800 782 2885 aliquando
804 2810 841 2866 ut
862 2800 1014 2867 nouitius
1037 2802 1062 2880 ³,
1088 2822 1150 2886 pro
1174 2800 1410 2884 conquirenda
1434 2800 1561 2867 eleemo-

353 2934 442 2999 syna
458 2914 595 2995 missuS,
614 2916 695 2981 dum
712 2910 750 2983 se
769 2938 790 2981 a
810 2915 916 2995 socio,
939 2936 982 2983 ex
1003 2916 1109 2982 altera
1123 2917 1262 3002 vplateae
1283 2928 1380 3001 parte
1400 2916 1563 2993 eleemosy-

357 3052 434 3095 nam
452 3042 602 3117 petente,
627 3031 844 3111 seiunxisset,
863 3043 911 3115 et,
937 3054 957 3098 a
983 3030 1066 3098 noto
1092 3030 1157 3099 sibi
1184 3032 1323 3099 homine
1346 3030 1459 3097 multis
1480 3028 1563 3094 rebus

354 3146 494 3227 auditis
508 3147 544 3213 in
558 3147 739 3213 uocatione
755 3147 916 3235 religiosa
928 3148 1076 3215 titubare
1087 3148 1244 3234 cepisset.
1260 3149 1446 3232 Postquam
1457 3144 1490 3211 id
1499 3163 1563 3209 san·

353 3273 411 3326 cto
428 3260 523 3328 Patri
539 3262 681 3328 relatum
699 3254 763 3344 est,
782 3285 887 3349 aegre
907 3262 1045 3348 quidem
1062 3262 1139 3329 tulit
1155 3265 1234 3344 hoc;
1253 3285 1321 3329 non
1345 3260 1451 3328 uetuit
1470 3272 1562 3325 nmen

354 3375 501 3461 amplius
517 3376 666 3445 nouitios
682 3378 782 3461 mitti,
800 3380 862 3447 sed
879 3400 922 3446 ne
938 3378 1006 3460 alii,
1025 3400 1127 3463 quam
1143 3377 1320 3465 approbati
1337 3380 1381 3445 ab
1396 3398 1436 3444 eo
1446 3390 1479 3444 et
1493 3372 1564 3439 sele·

355 3490 417 3571 cti,
435 3491 663 3561 mitterentur.
683 3494 908 3561 Existimabat
924 3492 1015 3561 eriim
1031 3494 1098 3561 illis
1113 3494 1262 3580 legibus,
1281 3516 1370 3580 quae
1385 3495 1428 3559 ob
1438 3491 1563 3575 aliquem

357 3608 491 3693 lapsum
512 3628 624 3675 rerum
641 3632 710 3675 non
734 3610 926 3677 illicitarum
949 3610 1130 3697 prohibent
1151 3621 1185 3676 et
1207 3610 1281 3677 sine
1301 3609 1494 3695 exceptione
1510 3602 1564 3667 vlla

357 3733 517 3791 uetarent
543 3724 670 3807 omnia,
700 3726 802 3793 etiam
830 3726 931 3792 bonis
958 3726 1051 3812 ipsiS,
1082 3747 1172 3811 quae
1196 3747 1240 3791 ex
1267 3726 1358 3791 bono
1386 3744 1490 3792 rerum
1512 3737 1564 3782 usu

357 3851 599 3923 sequerentur,
629 3862 756 3927 magno
782 3840 1026 3927 impedimento
1045 3862 1139 3923 esse,
1168 3853 1203 3907 et
1224 3842 1429 3927 quandoque
1452 3830 1564 3920 magnis

353 3952 493 4020 diuinae
509 3955 638 4041 gloriae
659 3955 878 4025 incrementis
894 3957 1036 4038 aditum,
1054 3956 1205 4043 alioquin
1219 3958 1447 4043 expetendum
1461 3973 1497 4019 ac
1515 3969 1564 4013 ue·

410 4154 424 4187 ²
460 4144 534 4198 Alia
547 4162 658 4201 manus
670 4150 801 4217 quatuor
813 4148 968 4217 sequentia
982 4147 1072 4202 verba
1085 4148 1217 4203 addidit.

414 4318 421 4348 ¹
459 4316 504 4369 Ex
524 4316 646 4389 antiquo
663 4325 694 4373 et
711 4316 786 4373 forte
802 4334 915 4373 coaevo
931 4319 1078 4389 exemplo,
1098 4316 1175 4372 inter
1192 4334 1281 4373 manu
1301 4316 1411 4389 scripta
1431 4303 1564 4369 Socieltlss

356 4404 442 4473 Jesu.
456 4403 580 4461 Constat
594 4406 628 4460 28
640 4406 757 4478 paginis
770 4406 888 4478 (01¹¹,208
906 4419 939 4465 ><
957 4409 1088 4477 0¹¹1,150),
1105 4406 1243 4462 omnibus
1260 4405 1397 4477 signatis,
1412 4404 1436 4460 si
1452 4398 1563 4456 ultimum

355 4491 501 4566 excipias,
514 4511 589 4568 quae
607 4495 696 4551 etiam
713 4513 786 4568 pura
803 4504 859 4552 est.
879 4496 1029 4551 Librarius
1046 4512 1105 4551 non
1122 4496 1196 4551 satis
1212 4503 1350 4577 accurate
1366 4512 1415 4549 res
1430 4480 1563 4562 aliquando

355 4580 554 4653 transcripsit,
566 4582 644 4638 unde
658 4582 747 4639 etiam
760 4583 935 4656 quandoque
947 4583 1005 4639 alia
1018 4600 1121 4639 manus
1133 4582 1278 4657 quaedam
1290 4580 1465 4638 emendavit.

411 4668 423 4704 ¹
460 4669 537 4725 Vide
552 4670 729 4727 Memoriole
742 4672 780 4727 P.
798 4671 964 4736 Consazvii,
978 4688 1077 4744 supra,
1090 4689 1159 4744 pag.
1175 4669 1234 4743 173,
1251 4688 1280 4732 n.
1295 4669 1340 4740 43.
