<?xml version="1.0" encoding="UTF-8"?>
<!DOCTYPE html PUBLIC "-//W3C//DTD XHTML 1.0 Transitional//EN"
    "http://www.w3.org/TR/xhtml1/DTD/xhtml1-transitional.dtd">
<html xmlns="http://www.w3.org/1999/xhtml" xml:lang="en" lang="en">
 <head>
  <title>
</title>
<meta http-equiv="Content-Type" content="text/html;charset=utf-8" />
  <meta name='ocr-system' content='tesseract 3.04.00' />
  <meta name='ocr-capabilities' content='ocr_page ocr_carea ocr_par ocr_line ocrx_word'/>
</head>
<body>
  <div class='ocr_page' id='page_1' title='image "./monumentaignati00ignagoog/monumentaignati00ignagoog_0505.png"; bbox 0 0 3500 5367; ppageno 0'>
   <div class='ocr_carea' id='block_1_1' title="bbox 381 426 1381 496">
    <p class='ocr_par' dir='ltr' id='par_1_1' title="bbox 381 426 1381 496">
     <span class='ocr_line' id='line_1_1' title="bbox 381 426 1381 496; baseline 0.004 -16"><span class='ocrx_word' id='word_1_1' title='bbox 381 426 565 483; x_wconf 76' lang='lat' dir='ltr'><strong>Drcrxurun</strong></span> <span class='ocrx_word' id='word_1_2' title='bbox 585 428 616 483; x_wconf 89' lang='lat' dir='ltr'><strong>S.</strong></span> <span class='ocrx_word' id='word_1_3' title='bbox 638 428 760 483; x_wconf 74' lang='lat' dir='ltr'><strong>Iauxrn</strong></span> <span class='ocrx_word' id='word_1_4' title='bbox 779 440 799 482; x_wconf 80' lang='grc' dir='ltr'><strong>Α</strong></span> <span class='ocrx_word' id='word_1_5' title='bbox 820 428 853 487; x_wconf 90' lang='grc' dir='ltr'><strong>Ρ.</strong></span> <span class='ocrx_word' id='word_1_6' title='bbox 874 426 1031 484; x_wconf 77' lang='lat' dir='ltr'><strong>Laucrcro</strong></span> <span class='ocrx_word' id='word_1_7' title='bbox 1050 439 1216 483; x_wconf 71' lang='lat' dir='ltr'><strong>consecra</strong></span> <span class='ocrx_word' id='word_1_8' title='bbox 1327 440 1381 496; x_wconf 73' lang='lat'><strong>495</strong></span> 
     </span>
    </p>
   </div>
   <div class='ocr_carea' id='block_1_2' title="bbox 171 578 1429 4489">
    <p class='ocr_par' dir='ltr' id='par_1_2' title="bbox 171 578 1419 1708">
     <span class='ocr_line' id='line_1_2' title="bbox 248 578 1418 668; baseline -0.001 -22"><span class='ocrx_word' id='word_1_9' title='bbox 248 578 398 665; x_wconf 79' lang='lat' dir='ltr'>Quando</span> <span class='ocrx_word' id='word_1_10' title='bbox 414 578 555 647; x_wconf 90' lang='lat' dir='ltr'><strong>uidebat</strong></span> <span class='ocrx_word' id='word_1_11' title='bbox 572 580 720 665; x_wconf 85' lang='lat' dir='ltr'><strong>aliquem</strong></span> <span class='ocrx_word' id='word_1_12' title='bbox 737 604 779 649; x_wconf 91' lang='lat' dir='ltr'><strong>ex</strong></span> <span class='ocrx_word' id='word_1_13' title='bbox 791 580 988 667; x_wconf 91' lang='lat' dir='ltr'><strong>junioribus</strong></span> <span class='ocrx_word' id='word_1_14' title='bbox 1003 579 1214 668; x_wconf 86' lang='lat' dir='ltr'><strong>pallidiorem</strong></span> <span class='ocrx_word' id='word_1_15' title='bbox 1237 578 1339 647; x_wconf 92' lang='lat' dir='ltr'><strong>solito</strong></span> <span class='ocrx_word' id='word_1_16' title='bbox 1360 582 1418 646; x_wconf 89' lang='lat' dir='ltr'><strong>uel</strong></span> 
     </span>
     <span class='ocr_line' id='line_1_3' title="bbox 171 694 1417 783; baseline 0 -20"><span class='ocrx_word' id='word_1_17' title='bbox 171 694 394 775; x_wconf 86' lang='lat' dir='ltr'><strong>debiliorem,</strong></span> <span class='ocrx_word' id='word_1_18' title='bbox 412 695 613 781; x_wconf 88' lang='lat' dir='ltr'><strong>praesertim</strong></span> <span class='ocrx_word' id='word_1_19' title='bbox 625 696 797 781; x_wconf 89' lang='lat' dir='ltr'><strong>juniorem</strong></span> <span class='ocrx_word' id='word_1_20' title='bbox 815 698 871 763; x_wconf 92' lang='lat' dir='ltr'><strong>uel</strong></span> <span class='ocrx_word' id='word_1_21' title='bbox 887 696 1069 775; x_wconf 89' lang='lat' dir='ltr'><strong>nouitium,</strong></span> <span class='ocrx_word' id='word_1_22' title='bbox 1092 695 1274 783; x_wconf 82' lang='lat' dir='ltr'>diligenter</span> <span class='ocrx_word' id='word_1_23' title='bbox 1294 718 1417 763; x_wconf 84' lang='lat' dir='ltr'>causas</span> 
     </span>
     <span class='ocr_line' id='line_1_4' title="bbox 172 811 1418 900; baseline -0.001 -21"><span class='ocrx_word' id='word_1_24' title='bbox 172 812 412 897; x_wconf 79' lang='lat' dir='ltr'><strong>examinabat,</strong></span> <span class='ocrx_word' id='word_1_25' title='bbox 430 822 466 877; x_wconf 90' lang='lat' dir='ltr'><strong>et</strong></span> <span class='ocrx_word' id='word_1_26' title='bbox 489 812 679 897; x_wconf 85' lang='lat' dir='ltr'>longiorem</span> <span class='ocrx_word' id='word_1_27' title='bbox 707 834 867 879; x_wconf 90' lang='lat' dir='ltr'><strong>somnum</strong></span> <span class='ocrx_word' id='word_1_28' title='bbox 895 812 927 882; x_wconf 91' lang='lat' dir='ltr'><strong>ei</strong></span> <span class='ocrx_word' id='word_1_29' title='bbox 951 811 1216 900; x_wconf 86' lang='lat' dir='ltr'>praescribebat,</span> <span class='ocrx_word' id='word_1_30' title='bbox 1247 834 1287 880; x_wconf 90' lang='lat' dir='ltr'><strong>ac</strong></span> <span class='ocrx_word' id='word_1_31' title='bbox 1313 812 1418 880; x_wconf 89' lang='lat' dir='ltr'><strong>mini-</strong></span> 
     </span>
     <span class='ocr_line' id='line_1_5' title="bbox 171 926 1417 1014; baseline 0.001 -20"><span class='ocrx_word' id='word_1_32' title='bbox 171 926 313 1008; x_wconf 83' lang='lat' dir='ltr'><strong>strum,</strong></span> <span class='ocrx_word' id='word_1_33' title='bbox 325 937 362 993; x_wconf 91' lang='lat' dir='ltr'><strong>ut</strong></span> <span class='ocrx_word' id='word_1_34' title='bbox 378 926 496 993; x_wconf 89' lang='lat' dir='ltr'><strong>talium</strong></span> <span class='ocrx_word' id='word_1_35' title='bbox 514 949 596 995; x_wconf 88' lang='lat' dir='ltr'><strong>cura</strong></span> <span class='ocrx_word' id='word_1_36' title='bbox 612 927 794 1014; x_wconf 85' lang='lat' dir='ltr'><strong>peculiaris</strong></span> <span class='ocrx_word' id='word_1_37' title='bbox 810 932 1005 1009; x_wconf 80' lang='lat' dir='ltr'><strong>haberetur,</strong></span> <span class='ocrx_word' id='word_1_38' title='bbox 1020 930 1123 996; x_wconf 87' lang='lat' dir='ltr'><strong>etiam</strong></span> <span class='ocrx_word' id='word_1_39' title='bbox 1137 929 1173 995; x_wconf 92' lang='lat' dir='ltr'><strong>in</strong></span> <span class='ocrx_word' id='word_1_40' title='bbox 1185 928 1281 996; x_wconf 90' lang='lat' dir='ltr'><strong>uictu</strong></span> <span class='ocrx_word' id='word_1_41' title='bbox 1294 940 1328 997; x_wconf 90' lang='lat' dir='ltr'><strong>et</strong></span> <span class='ocrx_word' id='word_1_42' title='bbox 1342 927 1417 996; x_wconf 88' lang='lat' dir='ltr'><strong>aliis</strong></span> 
     </span>
     <span class='ocr_line' id='line_1_6' title="bbox 177 1043 1419 1131; baseline 0.001 -21"><span class='ocrx_word' id='word_1_43' title='bbox 177 1043 377 1111; x_wconf 87' lang='lat' dir='ltr'><strong>minuendis</strong></span> <span class='ocrx_word' id='word_1_44' title='bbox 405 1044 590 1123; x_wconf 88' lang='lat' dir='ltr'><strong>laboribus,</strong></span> <span class='ocrx_word' id='word_1_45' title='bbox 620 1046 793 1113; x_wconf 88' lang='lat' dir='ltr'><strong>monebat.</strong></span> <span class='ocrx_word' id='word_1_46' title='bbox 825 1047 977 1112; x_wconf 87' lang='lat' dir='ltr'><strong>Eandem</strong></span> <span class='ocrx_word' id='word_1_47' title='bbox 1005 1046 1050 1112; x_wconf 93' lang='lat' dir='ltr'><strong>ob</strong></span> <span class='ocrx_word' id='word_1_48' title='bbox 1081 1066 1220 1111; x_wconf 89' lang='lat' dir='ltr'><strong>causam</strong></span> <span class='ocrx_word' id='word_1_49' title='bbox 1253 1044 1419 1131; x_wconf 86' lang='lat' dir='ltr'><strong>peculiari</strong></span> 
     </span>
     <span class='ocr_line' id='line_1_7' title="bbox 177 1158 1418 1247; baseline 0 -22"><span class='ocrx_word' id='word_1_50' title='bbox 177 1161 304 1246; x_wconf 85' lang='lat' dir='ltr'><strong>regula</strong></span> <span class='ocrx_word' id='word_1_51' title='bbox 316 1158 480 1225; x_wconf 83' lang='lat' dir='ltr'><strong>ministris</strong></span> <span class='ocrx_word' id='word_1_52' title='bbox 493 1158 676 1246; x_wconf 89' lang='lat' dir='ltr'><strong>praecepit,</strong></span> <span class='ocrx_word' id='word_1_53' title='bbox 693 1172 742 1241; x_wconf 91' lang='lat' dir='ltr'><strong>ut,</strong></span> <span class='ocrx_word' id='word_1_54' title='bbox 757 1160 816 1247; x_wconf 89' lang='lat' dir='ltr'><strong>qui</strong></span> <span class='ocrx_word' id='word_1_55' title='bbox 832 1160 1004 1230; x_wconf 88' lang='lat' dir='ltr'><strong>exercitiis</strong></span> <span class='ocrx_word' id='word_1_56' title='bbox 1018 1159 1251 1247; x_wconf 87' lang='lat' dir='ltr'><strong>spiritualibus</strong></span> <span class='ocrx_word' id='word_1_57' title='bbox 1263 1182 1300 1227; x_wconf 90' lang='lat' dir='ltr'><strong>se</strong></span> <span class='ocrx_word' id='word_1_58' title='bbox 1316 1182 1418 1229; x_wconf 90' lang='lat' dir='ltr'><strong>exer-</strong></span> 
     </span>
     <span class='ocr_line' id='line_1_8' title="bbox 175 1274 1419 1363; baseline 0.004 -22"><span class='ocrx_word' id='word_1_59' title='bbox 175 1276 349 1355; x_wconf 84' lang='lat' dir='ltr'><strong>cuissent,</strong></span> <span class='ocrx_word' id='word_1_60' title='bbox 367 1274 429 1359; x_wconf 89' lang='lat' dir='ltr'><strong>illi,</strong></span> <span class='ocrx_word' id='word_1_61' title='bbox 447 1275 555 1341; x_wconf 87' lang='lat' dir='ltr'><strong>instar</strong></span> <span class='ocrx_word' id='word_1_62' title='bbox 572 1274 900 1357; x_wconf 89' lang='lat' dir='ltr'><strong>conualescentium‚</strong></span> <span class='ocrx_word' id='word_1_63' title='bbox 919 1299 979 1363; x_wconf 89' lang='lat' dir='ltr'><strong>per</strong></span> <span class='ocrx_word' id='word_1_64' title='bbox 995 1278 1015 1342; x_wconf 91' lang='lat'>8</span> <span class='ocrx_word' id='word_1_65' title='bbox 1036 1278 1093 1346; x_wconf 90' lang='lat' dir='ltr'><strong>uel</strong></span> <span class='ocrx_word' id='word_1_66' title='bbox 1117 1296 1157 1344; x_wconf 92' lang='lat'><strong>10</strong></span> <span class='ocrx_word' id='word_1_67' title='bbox 1178 1276 1251 1344; x_wconf 89' lang='lat' dir='ltr'><strong>dies</strong></span> <span class='ocrx_word' id='word_1_68' title='bbox 1271 1276 1307 1342; x_wconf 95' lang='lat' dir='ltr'><strong>in</strong></span> <span class='ocrx_word' id='word_1_69' title='bbox 1327 1278 1419 1346; x_wconf 82' lang='lat' dir='ltr'><strong>refe-</strong></span> 
     </span>
     <span class='ocr_line' id='line_1_9' title="bbox 174 1389 1418 1462; baseline 0.002 -6"><span class='ocrx_word' id='word_1_70' title='bbox 174 1391 293 1457; x_wconf 87' lang='lat' dir='ltr'><strong>ctorio</strong></span> <span class='ocrx_word' id='word_1_71' title='bbox 321 1389 405 1457; x_wconf 87' lang='lat' dir='ltr'><strong>cibis</strong></span> <span class='ocrx_word' id='word_1_72' title='bbox 432 1390 631 1458; x_wconf 90' lang='lat' dir='ltr'><strong>melioribus</strong></span> <span class='ocrx_word' id='word_1_73' title='bbox 659 1392 894 1459; x_wconf 86' lang='lat' dir='ltr'><strong>reficerentur.</strong></span> <span class='ocrx_word' id='word_1_74' title='bbox 924 1395 1037 1459; x_wconf 86' lang='lat' dir='ltr'><strong>Tanto</strong></span> <span class='ocrx_word' id='word_1_75' title='bbox 1058 1392 1148 1461; x_wconf 88' lang='lat' dir='ltr'><strong>enirn</strong></span> <span class='ocrx_word' id='word_1_76' title='bbox 1170 1393 1307 1462; x_wconf 82' lang='lat' dir='ltr'><strong>feruore</strong></span> <span class='ocrx_word' id='word_1_77' title='bbox 1335 1403 1418 1459; x_wconf 89' lang='lat' dir='ltr'><strong>tunc</strong></span> 
     </span>
     <span class='ocr_line' id='line_1_10' title="bbox 174 1505 1418 1595; baseline 0.002 -22"><span class='ocrx_word' id='word_1_78' title='bbox 174 1506 346 1575; x_wconf 84' lang='lat' dir='ltr'><strong>exercitia</strong></span> <span class='ocrx_word' id='word_1_79' title='bbox 373 1505 660 1591; x_wconf 87' lang='lat' dir='ltr'><strong>suscipiebantur,</strong></span> <span class='ocrx_word' id='word_1_80' title='bbox 690 1518 728 1572; x_wconf 91' lang='lat' dir='ltr'><strong>ut</strong></span> <span class='ocrx_word' id='word_1_81' title='bbox 756 1506 952 1575; x_wconf 84' lang='lat' dir='ltr'><strong>debilitatae</strong></span> <span class='ocrx_word' id='word_1_82' title='bbox 973 1509 1063 1576; x_wconf 89' lang='lat' dir='ltr'><strong>uires</strong></span> <span class='ocrx_word' id='word_1_83' title='bbox 1084 1508 1236 1595; x_wconf 87' lang='lat' dir='ltr'><strong>corporis</strong></span> <span class='ocrx_word' id='word_1_84' title='bbox 1263 1508 1418 1575; x_wconf 89' lang='lat' dir='ltr'><strong>ciborum</strong></span> 
     </span>
     <span class='ocr_line' id='line_1_11' title="bbox 174 1622 603 1708; baseline 0 -21"><span class='ocrx_word' id='word_1_85' title='bbox 174 1622 432 1691; x_wconf 87' lang='lat' dir='ltr'><strong>instauratione</strong></span> <span class='ocrx_word' id='word_1_86' title='bbox 448 1632 603 1708; x_wconf 87' lang='lat' dir='ltr'><strong>egerent.</strong></span> 
     </span>
    </p>

    <p class='ocr_par' dir='ltr' id='par_1_3' title="bbox 174 1716 1423 2851">
     <span class='ocr_line' id='line_1_12' title="bbox 252 1716 1420 1823; baseline 0 -18"><span class='ocrx_word' id='word_1_87' title='bbox 252 1739 423 1823; x_wconf 86' lang='lat' dir='ltr'><strong>Captabat</strong></span> <span class='ocrx_word' id='word_1_88' title='bbox 453 1759 590 1823; x_wconf 91' lang='lat' dir='ltr'><strong>quoque</strong></span> <span class='ocrx_word' id='word_1_89' title='bbox 616 1758 751 1805; x_wconf 91' lang='lat' dir='ltr'><strong>omnem</strong></span> <span class='ocrx_word' id='word_1_90' title='bbox 783 1739 1002 1807; x_wconf 88' lang='lat' dir='ltr'><strong>occasionem</strong></span> <span class='ocrx_word' id='word_1_91' title='bbox 1020 1716 1174 1806; x_wconf 56' lang='lat' dir='ltr'><strong>⁴sanctus</strong></span> <span class='ocrx_word' id='word_1_92' title='bbox 1206 1743 1310 1808; x_wconf 89' lang='lat' dir='ltr'><strong>Pater</strong></span> <span class='ocrx_word' id='word_1_93' title='bbox 1336 1762 1420 1807; x_wconf 92' lang='lat' dir='ltr'><strong>suos</strong></span> 
     </span>
     <span class='ocr_line' id='line_1_13' title="bbox 174 1852 1417 1949; baseline 0.001 -28"><span class='ocrx_word' id='word_1_94' title='bbox 174 1852 396 1921; x_wconf 86' lang='lat' dir='ltr'><strong>exhilarandi</strong></span> <span class='ocrx_word' id='word_1_95' title='bbox 411 1854 616 1921; x_wconf 89' lang='lat' dir='ltr'><strong>domesticos</strong></span> <span class='ocrx_word' id='word_1_96' title='bbox 631 1854 801 1949; x_wconf 82' lang='lat' dir='ltr'><strong>omnibus,</strong></span> <span class='ocrx_word' id='word_1_97' title='bbox 820 1854 946 1939; x_wconf 88' lang='lat' dir='ltr'><strong>quibus</strong></span> <span class='ocrx_word' id='word_1_98' title='bbox 962 1859 1106 1925; x_wconf 89' lang='lat' dir='ltr'><strong>honeste</strong></span> <span class='ocrx_word' id='word_1_99' title='bbox 1126 1866 1271 1942; x_wconf 90' lang='lat' dir='ltr'><strong>poterat,</strong></span> <span class='ocrx_word' id='word_1_100' title='bbox 1295 1855 1417 1922; x_wconf 80' lang='lat' dir='ltr'><strong>modis</strong></span> 
     </span>
     <span class='ocr_line' id='line_1_14' title="bbox 175 1948 1418 2056; baseline 0 -19"><span class='ocrx_word' id='word_1_101' title='bbox 175 1972 274 2037; x_wconf 77' lang='lat' dir='ltr'><strong>Cum</strong></span> <span class='ocrx_word' id='word_1_102' title='bbox 291 1970 581 2056; x_wconf 86' lang='lat' dir='ltr'><strong>ergoaudiuisset</strong></span> <span class='ocrx_word' id='word_1_103' title='bbox 594 1948 816 2037; x_wconf 88' lang='lat' dir='ltr'><strong>Benedictum</strong></span> <span class='ocrx_word' id='word_1_104' title='bbox 832 1971 1014 2053; x_wconf 88' lang='lat' dir='ltr'><strong>Palmium,</strong></span> <span class='ocrx_word' id='word_1_105' title='bbox 1028 1971 1175 2039; x_wconf 86' lang='lat' dir='ltr'><strong>necdum</strong></span> <span class='ocrx_word' id='word_1_106' title='bbox 1192 1973 1418 2051; x_wconf 88' lang='lat' dir='ltr'><strong>sacerdotem,</strong></span> 
     </span>
     <span class='ocr_line' id='line_1_15' title="bbox 179 2085 1420 2174; baseline 0.001 -22"><span class='ocrx_word' id='word_1_107' title='bbox 179 2086 356 2172; x_wconf 85' lang='lat' dir='ltr'><strong>insignem</strong></span> <span class='ocrx_word' id='word_1_108' title='bbox 374 2096 486 2153; x_wconf 89' lang='lat' dir='ltr'><strong>tamen</strong></span> <span class='ocrx_word' id='word_1_109' title='bbox 507 2085 796 2167; x_wconf 90' lang='lat' dir='ltr'><strong>concionatorem,</strong></span> <span class='ocrx_word' id='word_1_110' title='bbox 817 2087 1011 2155; x_wconf 89' lang='lat' dir='ltr'><strong>occurrenti</strong></span> <span class='ocrx_word' id='word_1_111' title='bbox 1031 2086 1167 2154; x_wconf 90' lang='lat' dir='ltr'><strong>cuidam</strong></span> <span class='ocrx_word' id='word_1_112' title='bbox 1189 2089 1420 2174; x_wconf 88' lang='lat' dir='ltr'><strong>pauperculae</strong></span> 
     </span>
     <span class='ocr_line' id='line_1_16' title="bbox 179 2202 1420 2289; baseline 0.001 -24"><span class='ocrx_word' id='word_1_113' title='bbox 179 2203 324 2270; x_wconf 90' lang='lat' dir='ltr'><strong>vetulae</strong></span> <span class='ocrx_word' id='word_1_114' title='bbox 351 2202 482 2271; x_wconf 91' lang='lat' dir='ltr'><strong>dixisse</strong></span> <span class='ocrx_word' id='word_1_115' title='bbox 513 2226 552 2271; x_wconf 89' lang='lat' dir='ltr'><strong>se</strong></span> <span class='ocrx_word' id='word_1_116' title='bbox 584 2202 642 2269; x_wconf 89' lang='lat' dir='ltr'><strong>tali</strong></span> <span class='ocrx_word' id='word_1_117' title='bbox 669 2202 725 2271; x_wconf 89' lang='lat' dir='ltr'><strong>die</strong></span> <span class='ocrx_word' id='word_1_118' title='bbox 755 2202 1052 2285; x_wconf 88' lang='lat' dir='ltr'><strong>concionaturum,</strong></span> <span class='ocrx_word' id='word_1_119' title='bbox 1082 2226 1227 2289; x_wconf 89' lang='lat' dir='ltr'><strong>eamque</strong></span> <span class='ocrx_word' id='word_1_120' title='bbox 1254 2206 1296 2270; x_wconf 92' lang='lat' dir='ltr'><strong>ad</strong></span> <span class='ocrx_word' id='word_1_121' title='bbox 1323 2225 1420 2269; x_wconf 86' lang='lat' dir='ltr'><strong>suam</strong></span> 
     </span>
     <span class='ocr_line' id='line_1_17' title="bbox 177 2300 1422 2401; baseline 0.004 -19"><span class='ocrx_word' id='word_1_122' title='bbox 177 2318 368 2387; x_wconf 89' lang='lat' dir='ltr'><strong>inuitasset</strong></span> <span class='ocrx_word' id='word_1_123' title='bbox 384 2300 596 2401; x_wconf 86' lang='lat' dir='ltr'><strong>concionem,</strong></span> <span class='ocrx_word' id='word_1_124' title='bbox 615 2318 713 2397; x_wconf 81' lang='lat' dir='ltr'><strong>hilari</strong></span> <span class='ocrx_word' id='word_1_125' title='bbox 730 2318 808 2385; x_wconf 89' lang='lat' dir='ltr'><strong>tulit</strong></span> <span class='ocrx_word' id='word_1_126' title='bbox 828 2318 941 2385; x_wconf 88' lang='lat' dir='ltr'><strong>animo</strong></span> <span class='ocrx_word' id='word_1_127' title='bbox 962 2323 1054 2386; x_wconf 91' lang='lat' dir='ltr'><strong>hunc</strong></span> <span class='ocrx_word' id='word_1_128' title='bbox 1077 2332 1219 2387; x_wconf 85' lang='lat' dir='ltr'><strong>sanctus</strong></span> <span class='ocrx_word' id='word_1_129' title='bbox 1236 2322 1339 2387; x_wconf 86' lang='lat' dir='ltr'><strong>Pater</strong></span> <span class='ocrx_word' id='word_1_130' title='bbox 1356 2322 1422 2387; x_wconf 90' lang='lat' dir='ltr'><strong>Be·</strong></span> 
     </span>
     <span class='ocr_line' id='line_1_18' title="bbox 181 2433 1422 2520; baseline 0.002 -21"><span class='ocrx_word' id='word_1_131' title='bbox 181 2433 315 2503; x_wconf 91' lang='lat' dir='ltr'><strong>nedicti</strong></span> <span class='ocrx_word' id='word_1_132' title='bbox 342 2436 536 2515; x_wconf 89' lang='lat' dir='ltr'><strong>candorem,</strong></span> <span class='ocrx_word' id='word_1_133' title='bbox 567 2456 669 2519; x_wconf 87' lang='lat' dir='ltr'><strong>quem</strong></span> <span class='ocrx_word' id='word_1_134' title='bbox 699 2445 737 2501; x_wconf 92' lang='lat' dir='ltr'><strong>ut</strong></span> <span class='ocrx_word' id='word_1_135' title='bbox 764 2435 911 2501; x_wconf 91' lang='lat' dir='ltr'><strong>dicendo</strong></span> <span class='ocrx_word' id='word_1_136' title='bbox 938 2435 1153 2515; x_wconf 81' lang='lat' dir='ltr'><strong>exhilararet,</strong></span> <span class='ocrx_word' id='word_1_137' title='bbox 1183 2456 1261 2501; x_wconf 92' lang='lat' dir='ltr'><strong>cum</strong></span> <span class='ocrx_word' id='word_1_138' title='bbox 1291 2434 1422 2520; x_wconf 91' lang='lat' dir='ltr'><strong>aliquid</strong></span> 
     </span>
     <span class='ocr_line' id='line_1_19' title="bbox 183 2549 1422 2637; baseline 0.001 -21"><span class='ocrx_word' id='word_1_139' title='bbox 183 2550 382 2618; x_wconf 81' lang='lat' dir='ltr'><strong>faciendum</strong></span> <span class='ocrx_word' id='word_1_140' title='bbox 399 2550 446 2617; x_wconf 93' lang='lat' dir='ltr'><strong>illi</strong></span> <span class='ocrx_word' id='word_1_141' title='bbox 467 2550 682 2637; x_wconf 81' lang='lat' dir='ltr'><strong>iniungebat,</strong></span> <span class='ocrx_word' id='word_1_142' title='bbox 700 2552 777 2616; x_wconf 90' lang='lat' dir='ltr'><strong>loco</strong></span> <span class='ocrx_word' id='word_1_143' title='bbox 800 2550 940 2637; x_wconf 90' lang='lat' dir='ltr'><strong>praemii</strong></span> <span class='ocrx_word' id='word_1_144' title='bbox 962 2551 1120 2617; x_wconf 88' lang='lat' dir='ltr'><strong>addebat:</strong></span> <span class='ocrx_word' id='word_1_145' title='bbox 1144 2552 1223 2630; x_wconf 92' lang='lat' dir='ltr'><strong>hoc,</strong></span> <span class='ocrx_word' id='word_1_146' title='bbox 1247 2549 1369 2636; x_wconf 90' lang='lat' dir='ltr'><strong>inquit,</strong></span> <span class='ocrx_word' id='word_1_147' title='bbox 1393 2552 1422 2617; x_wconf 89' lang='lat' dir='ltr'><strong>si</strong></span> 
     </span>
     <span class='ocr_line' id='line_1_20' title="bbox 180 2666 1423 2753; baseline 0 -20"><span class='ocrx_word' id='word_1_148' title='bbox 180 2680 281 2736; x_wconf 88' lang='lat' dir='ltr'><strong>recte</strong></span> <span class='ocrx_word' id='word_1_149' title='bbox 298 2666 430 2748; x_wconf 87' lang='lat' dir='ltr'><strong>seceris,</strong></span> <span class='ocrx_word' id='word_1_150' title='bbox 450 2688 621 2734; x_wconf 85' lang='lat' dir='ltr'><strong>accersam</strong></span> <span class='ocrx_word' id='word_1_151' title='bbox 639 2678 673 2734; x_wconf 89' lang='lat' dir='ltr'><strong>et</strong></span> <span class='ocrx_word' id='word_1_152' title='bbox 689 2688 756 2753; x_wconf 86' lang='lat' dir='ltr'><strong>ego</strong></span> <span class='ocrx_word' id='word_1_153' title='bbox 772 2666 919 2751; x_wconf 86' lang='lat' dir='ltr'><strong>aliquam</strong></span> <span class='ocrx_word' id='word_1_154' title='bbox 938 2668 1087 2734; x_wconf 89' lang='lat' dir='ltr'><strong>uetulam</strong></span> <span class='ocrx_word' id='word_1_155' title='bbox 1104 2668 1148 2733; x_wconf 88' lang='lat' dir='ltr'><strong>ad</strong></span> <span class='ocrx_word' id='word_1_156' title='bbox 1166 2677 1259 2733; x_wconf 88' lang='lat' dir='ltr'><strong>tuam</strong></span> <span class='ocrx_word' id='word_1_157' title='bbox 1277 2668 1423 2733; x_wconf 89' lang='lat' dir='ltr'><strong>audien-</strong></span> 
     </span>
     <span class='ocr_line' id='line_1_21' title="bbox 183 2783 499 2851; baseline 0.003 -1"><span class='ocrx_word' id='word_1_158' title='bbox 183 2786 267 2851; x_wconf 87' lang='lat' dir='ltr'><strong>dam</strong></span> <span class='ocrx_word' id='word_1_159' title='bbox 284 2783 499 2851; x_wconf 89' lang='lat' dir='ltr'><strong>concionem.</strong></span> 
     </span>
    </p>

    <p class='ocr_par' dir='ltr' id='par_1_4' title="bbox 175 2897 1425 3663">
     <span class='ocr_line' id='line_1_22' title="bbox 255 2897 1424 2985; baseline -0.002 -20"><span class='ocrx_word' id='word_1_160' title='bbox 255 2902 345 2966; x_wconf 91' lang='lat' dir='ltr'><strong>Cum</strong></span> <span class='ocrx_word' id='word_1_161' title='bbox 365 2900 507 2966; x_wconf 90' lang='lat' dir='ltr'><strong>domum</strong></span> <span class='ocrx_word' id='word_1_162' title='bbox 529 2898 654 2967; x_wconf 91' lang='lat' dir='ltr'><strong>rediret</strong></span> <span class='ocrx_word' id='word_1_163' title='bbox 679 2897 813 2985; x_wconf 78' lang='lat' dir='ltr'><strong>aliquiS,</strong></span> <span class='ocrx_word' id='word_1_164' title='bbox 838 2910 977 2985; x_wconf 88' lang='lat' dir='ltr'><strong>peracto</strong></span> <span class='ocrx_word' id='word_1_165' title='bbox 1003 2898 1144 2985; x_wconf 86' lang='lat' dir='ltr'><strong>negotio</strong></span> <span class='ocrx_word' id='word_1_166' title='bbox 1172 2898 1235 2965; x_wconf 91' lang='lat' dir='ltr'><strong>sibi</strong></span> <span class='ocrx_word' id='word_1_167' title='bbox 1263 2920 1283 2965; x_wconf 90' lang='lat' dir='ltr'><strong>a</strong></span> <span class='ocrx_word' id='word_1_168' title='bbox 1303 2909 1424 2975; x_wconf 74' lang='lat' dir='ltr'><strong>sancto</strong></span> 
     </span>
     <span class='ocr_line' id='line_1_23' title="bbox 185 3013 1421 3112; baseline -0.003 -29"><span class='ocrx_word' id='word_1_169' title='bbox 185 3019 293 3083; x_wconf 86' lang='lat' dir='ltr'><strong>Patre</strong></span> <span class='ocrx_word' id='word_1_170' title='bbox 319 3014 485 3098; x_wconf 90' lang='lat' dir='ltr'><strong>iniunct0,</strong></span> <span class='ocrx_word' id='word_1_171' title='bbox 506 3014 605 3082; x_wconf 87' lang='lat' dir='ltr'><strong>laetis</strong></span> <span class='ocrx_word' id='word_1_172' title='bbox 626 3036 705 3083; x_wconf 90' lang='lat' dir='ltr'><strong>eum</strong></span> <span class='ocrx_word' id='word_1_173' title='bbox 732 3013 923 3100; x_wconf 83' lang='lat' dir='ltr'><strong>excipiebat</strong></span> <span class='ocrx_word' id='word_1_174' title='bbox 950 3013 1058 3090; x_wconf 87' lang='lat' dir='ltr'><strong>oculis</strong></span> <span class='ocrx_word' id='word_1_175' title='bbox 1086 3016 1342 3112; x_wconf 83' lang='lat' dir='ltr'><strong>aduentantem,</strong></span> <span class='ocrx_word' id='word_1_176' title='bbox 1373 3024 1421 3092; x_wconf 89' lang='lat' dir='ltr'><strong>et,</strong></span> 
     </span>
     <span class='ocr_line' id='line_1_24' title="bbox 181 3129 1425 3217; baseline -0.003 -18"><span class='ocrx_word' id='word_1_177' title='bbox 181 3134 266 3199; x_wconf 87' lang='lat' dir='ltr'><strong>eius</strong></span> <span class='ocrx_word' id='word_1_178' title='bbox 292 3153 484 3199; x_wconf 89' lang='lat' dir='ltr'><strong>sermonem</strong></span> <span class='ocrx_word' id='word_1_179' title='bbox 506 3130 743 3217; x_wconf 61' lang='lat' dir='ltr'><strong>praeueniens</strong></span> <span class='ocrx_word' id='word_1_180' title='bbox 766 3130 918 3197; x_wconf 89' lang='lat' dir='ltr'><strong>hilariter</strong></span> <span class='ocrx_word' id='word_1_181' title='bbox 939 3129 1189 3216; x_wconf 87' lang='lat' dir='ltr'><strong>interrogabat:</strong></span> <span class='ocrx_word' id='word_1_182' title='bbox 1212 3132 1313 3210; x_wconf 90' lang='lat' dir='ltr'><strong>bene;</strong></span> <span class='ocrx_word' id='word_1_183' title='bbox 1336 3151 1425 3214; x_wconf 93' lang='lat' dir='ltr'><strong>quo-</strong></span> 
     </span>
     <span class='ocr_line' id='line_1_25' title="bbox 183 3245 1425 3316; baseline -0.003 0"><span class='ocrx_word' id='word_1_184' title='bbox 183 3250 293 3316; x_wconf 92' lang='lat' dir='ltr'><strong>modo</strong></span> <span class='ocrx_word' id='word_1_185' title='bbox 309 3270 363 3316; x_wconf 84' lang='lat' dir='ltr'><strong>res</strong></span> <span class='ocrx_word' id='word_1_186' title='bbox 380 3247 562 3314; x_wconf 86' lang='lat' dir='ltr'><strong>successit?</strong></span> <span class='ocrx_word' id='word_1_187' title='bbox 579 3268 622 3315; x_wconf 89' lang='lat' dir='ltr'><strong>ex</strong></span> <span class='ocrx_word' id='word_1_188' title='bbox 638 3245 741 3312; x_wconf 89' lang='lat' dir='ltr'><strong>animi</strong></span> <span class='ocrx_word' id='word_1_189' title='bbox 758 3267 802 3312; x_wconf 89' lang='lat' dir='ltr'><strong>ne</strong></span> <span class='ocrx_word' id='word_1_190' title='bbox 823 3246 872 3313; x_wconf 90' lang='lat' dir='ltr'><strong>tui</strong></span> <span class='ocrx_word' id='word_1_191' title='bbox 895 3246 1080 3313; x_wconf 87' lang='lat' dir='ltr'><strong>sententia?</strong></span> <span class='ocrx_word' id='word_1_192' title='bbox 1101 3257 1288 3313; x_wconf 89' lang='lat' dir='ltr'><strong>contentus</strong></span> <span class='ocrx_word' id='word_1_193' title='bbox 1309 3268 1353 3312; x_wconf 92' lang='lat' dir='ltr'><strong>ne</strong></span> <span class='ocrx_word' id='word_1_194' title='bbox 1372 3249 1425 3314; x_wconf 88' lang='lat' dir='ltr'><strong>es?</strong></span> 
     </span>
     <span class='ocr_line' id='line_1_26' title="bbox 175 3350 1423 3449; baseline -0.005 -17"><span class='ocrx_word' id='word_1_195' title='bbox 175 3377 220 3432; x_wconf 85' lang='lat' dir='ltr'><strong>ct</strong></span> <span class='ocrx_word' id='word_1_196' title='bbox 238 3364 294 3430; x_wconf 90' lang='lat' dir='ltr'><strong>his</strong></span> <span class='ocrx_word' id='word_1_197' title='bbox 310 3362 444 3443; x_wconf 88' lang='lat' dir='ltr'><strong>similia,</strong></span> <span class='ocrx_word' id='word_1_198' title='bbox 464 3362 588 3447; x_wconf 90' lang='lat' dir='ltr'><strong>quihus</strong></span> <span class='ocrx_word' id='word_1_199' title='bbox 606 3372 640 3431; x_wconf 90' lang='lat' dir='ltr'><strong>et</strong></span> <span class='ocrx_word' id='word_1_200' title='bbox 656 3364 831 3429; x_wconf 89' lang='lat' dir='ltr'><strong>solabatur</strong></span> <span class='ocrx_word' id='word_1_201' title='bbox 847 3361 1032 3442; x_wconf 91' lang='lat' dir='ltr'><strong>hominem,</strong></span> <span class='ocrx_word' id='word_1_202' title='bbox 1050 3350 1156 3429; x_wconf 86' lang='lat' dir='ltr'><strong>sires</strong></span> <span class='ocrx_word' id='word_1_203' title='bbox 1175 3374 1328 3449; x_wconf 89' lang='lat' dir='ltr'><strong>optatum</strong></span> <span class='ocrx_word' id='word_1_204' title='bbox 1352 3384 1423 3429; x_wconf 94' lang='lat' dir='ltr'><strong>non</strong></span> 
     </span>
     <span class='ocr_line' id='line_1_27' title="bbox 185 3477 1425 3564; baseline -0.003 -17"><span class='ocrx_word' id='word_1_205' title='bbox 185 3479 366 3547; x_wconf 88' lang='lat' dir='ltr'><strong>habuisset</strong></span> <span class='ocrx_word' id='word_1_206' title='bbox 393 3500 605 3558; x_wconf 88' lang='lat' dir='ltr'><strong>successum,</strong></span> <span class='ocrx_word' id='word_1_207' title='bbox 636 3488 671 3545; x_wconf 83' lang='lat' dir='ltr'><strong>et</strong></span> <span class='ocrx_word' id='word_1_208' title='bbox 698 3479 741 3544; x_wconf 91' lang='lat' dir='ltr'><strong>ad</strong></span> <span class='ocrx_word' id='word_1_209' title='bbox 768 3479 964 3563; x_wconf 84' lang='lat' dir='ltr'><strong>peragenda</strong></span> <span class='ocrx_word' id='word_1_210' title='bbox 991 3478 1152 3564; x_wconf 63' lang='lat' dir='ltr'><strong>dePnceps</strong></span> <span class='ocrx_word' id='word_1_211' title='bbox 1180 3477 1317 3564; x_wconf 84' lang='lat' dir='ltr'><strong>negotia</strong></span> <span class='ocrx_word' id='word_1_212' title='bbox 1347 3478 1425 3543; x_wconf 85' lang='lat' dir='ltr'><strong>ani-</strong></span> 
     </span>
     <span class='ocr_line' id='line_1_28' title="bbox 184 3598 317 3663; baseline 0.008 -1"><span class='ocrx_word' id='word_1_213' title='bbox 184 3598 317 3663; x_wconf 86' lang='lat' dir='ltr'><strong>mahat.</strong></span> 
     </span>
    </p>

    <p class='ocr_par' dir='ltr' id='par_1_5' title="bbox 181 3709 1429 4489">
     <span class='ocr_line' id='line_1_29' title="bbox 255 3709 1426 3795; baseline -0.005 -16"><span class='ocrx_word' id='word_1_214' title='bbox 255 3712 346 3779; x_wconf 92' lang='lat' dir='ltr'><strong>Cum</strong></span> <span class='ocrx_word' id='word_1_215' title='bbox 364 3709 551 3777; x_wconf 88' lang='lat' dir='ltr'><strong>audiuisset</strong></span> <span class='ocrx_word' id='word_1_216' title='bbox 569 3709 794 3777; x_wconf 88' lang='lat' dir='ltr'><strong>Benedictum</strong></span> <span class='ocrx_word' id='word_1_217' title='bbox 813 3709 1001 3789; x_wconf 87' lang='lat' dir='ltr'><strong>Pererium,</strong></span> <span class='ocrx_word' id='word_1_218' title='bbox 1021 3710 1210 3778; x_wconf 85' lang='lat' dir='ltr'><strong>rethoricae</strong></span> <span class='ocrx_word' id='word_1_219' title='bbox 1226 3710 1261 3776; x_wconf 93' lang='lat' dir='ltr'><strong>in</strong></span> <span class='ocrx_word' id='word_1_220' title='bbox 1278 3709 1426 3795; x_wconf 86' lang='lat' dir='ltr'><strong>collegio</strong></span> 
     </span>
     <span class='ocr_line' id='line_1_30' title="bbox 187 3818 1425 3913; baseline -0.003 -19"><span class='ocrx_word' id='word_1_221' title='bbox 187 3818 333 3894; x_wconf 86' lang='lat' dir='ltr'><strong>romano</strong></span> <span class='ocrx_word' id='word_1_222' title='bbox 360 3828 600 3913; x_wconf 89' lang='lat' dir='ltr'><strong>professorem,</strong></span> <span class='ocrx_word' id='word_1_223' title='bbox 626 3826 806 3894; x_wconf 87' lang='lat' dir='ltr'><strong>Valentiae</strong></span> <span class='ocrx_word' id='word_1_224' title='bbox 826 3836 958 3907; x_wconf 86' lang='lat' dir='ltr'><strong>natum,</strong></span> <span class='ocrx_word' id='word_1_225' title='bbox 982 3825 1104 3891; x_wconf 88' lang='lat' dir='ltr'><strong>acriter</strong></span> <span class='ocrx_word' id='word_1_226' title='bbox 1128 3826 1367 3912; x_wconf 89' lang='lat' dir='ltr'><strong>perstrinxisse</strong></span> <span class='ocrx_word' id='word_1_227' title='bbox 1391 3826 1425 3891; x_wconf 94' lang='lat' dir='ltr'><strong>in</strong></span> 
     </span>
     <span class='ocr_line' id='line_1_31' title="bbox 185 3940 1425 4027; baseline -0.003 -17"><span class='ocrx_word' id='word_1_228' title='bbox 185 3944 309 4010; x_wconf 86' lang='lat' dir='ltr'><strong>schola</strong></span> <span class='ocrx_word' id='word_1_229' title='bbox 335 3940 503 4009; x_wconf 92' lang='lat' dir='ltr'><strong>Ludouici</strong></span> <span class='ocrx_word' id='word_1_230' title='bbox 532 3940 644 4024; x_wconf 91' lang='lat' dir='ltr'><strong>Viuis,</strong></span> <span class='ocrx_word' id='word_1_231' title='bbox 674 3940 827 4008; x_wconf 83' lang='lat' dir='ltr'><strong>concinis</strong></span> <span class='ocrx_word' id='word_1_232' title='bbox 855 3942 923 4023; x_wconf 92' lang='lat' dir='ltr'><strong>sui,</strong></span> <span class='ocrx_word' id='word_1_233' title='bbox 948 3942 992 4008; x_wconf 91' lang='lat' dir='ltr'><strong>de</strong></span> <span class='ocrx_word' id='word_1_234' title='bbox 1019 3942 1086 4008; x_wconf 90' lang='lat' dir='ltr'><strong>fide</strong></span> <span class='ocrx_word' id='word_1_235' title='bbox 1110 3942 1199 4008; x_wconf 86' lang='lat' dir='ltr'><strong>mala</strong></span> <span class='ocrx_word' id='word_1_236' title='bbox 1222 3941 1373 4027; x_wconf 86' lang='lat' dir='ltr'><strong>suspecti</strong></span> <span class='ocrx_word' id='word_1_237' title='bbox 1398 3954 1425 4022; x_wconf 61' lang='lat' dir='ltr'><strong>ss,</strong></span> 
     </span>
     <span class='ocr_line' id='line_1_32' title="bbox 181 4056 1427 4147; baseline -0.002 -21"><span class='ocrx_word' id='word_1_238' title='bbox 181 4080 307 4147; x_wconf 87' lang='lat' dir='ltr'><strong>opera,</strong></span> <span class='ocrx_word' id='word_1_239' title='bbox 326 4078 415 4143; x_wconf 90' lang='lat' dir='ltr'><strong>quae</strong></span> <span class='ocrx_word' id='word_1_240' title='bbox 432 4069 514 4123; x_wconf 91' lang='lat' dir='ltr'><strong>tunc</strong></span> <span class='ocrx_word' id='word_1_241' title='bbox 531 4058 574 4123; x_wconf 88' lang='lat' dir='ltr'><strong>ab</strong></span> <span class='ocrx_word' id='word_1_242' title='bbox 591 4056 737 4122; x_wconf 88' lang='lat' dir='ltr'><strong>incautis</strong></span> <span class='ocrx_word' id='word_1_243' title='bbox 758 4058 896 4126; x_wconf 90' lang='lat' dir='ltr'><strong>occulte</strong></span> <span class='ocrx_word' id='word_1_244' title='bbox 911 4076 989 4124; x_wconf 91' lang='lat' dir='ltr'><strong>cum</strong></span> <span class='ocrx_word' id='word_1_245' title='bbox 1006 4067 1113 4143; x_wconf 84' lang='lat' dir='ltr'><strong>gustu</strong></span> <span class='ocrx_word' id='word_1_246' title='bbox 1128 4057 1346 4143; x_wconf 79' lang='lat' dir='ltr'><strong>legebantur,</strong></span> <span class='ocrx_word' id='word_1_247' title='bbox 1365 4058 1427 4124; x_wconf 91' lang='lat' dir='ltr'><strong>ad-</strong></span> 
     </span>
     <span class='ocr_line' id='line_1_33' title="bbox 189 4171 1428 4253; baseline -0.002 -12"><span class='ocrx_word' id='word_1_248' title='bbox 189 4174 332 4243; x_wconf 87' lang='lat' dir='ltr'><strong>uocauit</strong></span> <span class='ocrx_word' id='word_1_249' title='bbox 349 4172 537 4253; x_wconf 89' lang='lat' dir='ltr'><strong>Pererium,</strong></span> <span class='ocrx_word' id='word_1_250' title='bbox 556 4184 591 4239; x_wconf 89' lang='lat' dir='ltr'><strong>et</strong></span> <span class='ocrx_word' id='word_1_251' title='bbox 611 4174 713 4241; x_wconf 89' lang='lat' dir='ltr'><strong>ualde</strong></span> <span class='ocrx_word' id='word_1_252' title='bbox 735 4174 799 4239; x_wconf 91' lang='lat' dir='ltr'><strong>hoc</strong></span> <span class='ocrx_word' id='word_1_253' title='bbox 821 4172 855 4238; x_wconf 88' lang='lat' dir='ltr'><strong>in</strong></span> <span class='ocrx_word' id='word_1_254' title='bbox 877 4194 919 4241; x_wconf 93' lang='lat' dir='ltr'><strong>eo</strong></span> <span class='ocrx_word' id='word_1_255' title='bbox 938 4173 1102 4240; x_wconf 89' lang='lat' dir='ltr'><strong>laudauit.</strong></span> <span class='ocrx_word' id='word_1_256' title='bbox 1127 4174 1171 4240; x_wconf 87' lang='lat' dir='ltr'><strong>Et</strong></span> <span class='ocrx_word' id='word_1_257' title='bbox 1192 4171 1428 4239; x_wconf 90' lang='lat' dir='ltr'><strong>huiuscemodi</strong></span> 
     </span>
     <span class='ocr_line' id='line_1_34' title="bbox 186 4288 1426 4375; baseline -0.003 -16"><span class='ocrx_word' id='word_1_258' title='bbox 186 4290 351 4359; x_wconf 90' lang='lat' dir='ltr'><strong>laudibus</strong></span> <span class='ocrx_word' id='word_1_259' title='bbox 371 4291 415 4357; x_wconf 91' lang='lat' dir='ltr'><strong>ab</strong></span> <span class='ocrx_word' id='word_1_260' title='bbox 442 4288 516 4357; x_wconf 88' lang='lat' dir='ltr'><strong>aliis</strong></span> <span class='ocrx_word' id='word_1_261' title='bbox 538 4310 675 4375; x_wconf 90' lang='lat' dir='ltr'><strong>quoque</strong></span> <span class='ocrx_word' id='word_1_262' title='bbox 697 4288 869 4374; x_wconf 89' lang='lat' dir='ltr'><strong>praeclara</strong></span> <span class='ocrx_word' id='word_1_263' title='bbox 897 4300 996 4374; x_wconf 86' lang='lat' dir='ltr'><strong>gesta</strong></span> <span class='ocrx_word' id='word_1_264' title='bbox 1023 4290 1113 4355; x_wconf 91' lang='lat' dir='ltr'><strong>ultro</strong></span> <span class='ocrx_word' id='word_1_265' title='bbox 1140 4288 1426 4366; x_wconf 88' lang='lat' dir='ltr'><strong>commendando,</strong></span> 
     </span>
     <span class='ocr_line' id='line_1_35' title="bbox 186 4402 1429 4489; baseline -0.003 -16"><span class='ocrx_word' id='word_1_266' title='bbox 186 4421 264 4474; x_wconf 86' lang='lat' dir='ltr'><strong>tum</strong></span> <span class='ocrx_word' id='word_1_267' title='bbox 281 4404 323 4473; x_wconf 92' lang='lat' dir='ltr'><strong>iis</strong></span> <span class='ocrx_word' id='word_1_268' title='bbox 339 4404 550 4485; x_wconf 87' lang='lat' dir='ltr'><strong>absentibus,</strong></span> <span class='ocrx_word' id='word_1_269' title='bbox 570 4415 643 4471; x_wconf 90' lang='lat' dir='ltr'><strong>tum</strong></span> <span class='ocrx_word' id='word_1_270' title='bbox 662 4405 900 4489; x_wconf 88' lang='lat' dir='ltr'><strong>praesentibus</strong></span> <span class='ocrx_word' id='word_1_271' title='bbox 916 4402 1037 4471; x_wconf 89' lang='lat' dir='ltr'><strong>mirum</strong></span> <span class='ocrx_word' id='word_1_272' title='bbox 1054 4404 1088 4470; x_wconf 91' lang='lat' dir='ltr'><strong>in</strong></span> <span class='ocrx_word' id='word_1_273' title='bbox 1102 4405 1244 4471; x_wconf 89' lang='lat' dir='ltr'><strong>modum</strong></span> <span class='ocrx_word' id='word_1_274' title='bbox 1255 4404 1429 4471; x_wconf 88' lang='lat' dir='ltr'><strong>excitabat</strong></span> 
     </span>
    </p>
   </div>
   <div class='ocr_carea' id='block_1_3' title="bbox 246 4655 587 4730">
    <p class='ocr_par' dir='ltr' id='par_1_6' title="bbox 246 4655 587 4730">
     <span class='ocr_line' id='line_1_36' title="bbox 246 4655 587 4730; baseline -0.015 -16"><span class='ocrx_word' id='word_1_275' title='bbox 246 4675 259 4701; x_wconf 70' lang='grc' dir='ltr'><strong><em>υ</em></strong></span> <span class='ocrx_word' id='word_1_276' title='bbox 299 4658 373 4713; x_wconf 87' lang='lat' dir='ltr'><strong>mala</strong></span> <span class='ocrx_word' id='word_1_277' title='bbox 388 4655 520 4730; x_wconf 81' lang='lat' dir='ltr'><strong>suscepti</strong></span> <span class='ocrx_word' id='word_1_278' title='bbox 532 4673 587 4711; x_wconf 85' lang='lat' dir='ltr'><strong>ms.</strong></span> 
     </span>
    </p>
   </div>
   <div class='ocr_carea' id='block_1_4' title="bbox 0 0 1765 5367">
    <p class='ocr_par' dir='ltr' id='par_1_7' title="bbox 0 0 1765 5367">
     <span class='ocr_line' id='line_1_37' title="bbox 0 0 1765 5367; baseline 0 0"><span class='ocrx_word' id='word_1_279' title='bbox 0 0 1765 5367; x_wconf 95' lang='lat' dir='ltr'><strong> </strong></span> 
     </span>
    </p>
   </div>
  </div>
 </body>
</html>
