3500 5367
397 527 450 599 348
713 542 716 549 ’
774 528 982 584 Mouuuaurx
1001 526 1184 596 teneamur

357 704 427 768 ego
443 691 478 749 et
494 683 597 749 Pater
614 682 719 749 uerba
735 680 938 761 faceremus,
956 680 1054 765 isque
1066 680 1205 747 fratrem
1216 665 1360 749 haberet
1372 680 1408 746 in
1421 664 1581 749 Societate

361 795 531 883 insignem
548 797 730 863 sanctitate
746 805 781 862 et
793 794 985 863 eruditione
1000 795 1128 876 uirum,
1142 796 1271 882 quique
1281 796 1326 863 de
1338 795 1508 865 Societate
1521 808 1583 862 tam

360 914 449 981 bene
470 922 560 980 esset
589 910 729 977 meritus
757 933 859 995 quarn
887 909 946 996 qui
975 911 1132 994 maxime,
1162 913 1326 997 rogabam
1355 932 1423 998 ego
1441 914 1580 989 Patrem,

360 1027 527 1113 numquid
543 1027 637 1093 illum
654 1049 673 1093 a
690 1024 856 1113 religione
872 1028 1056 1094 abeuntem
1072 1004 1287 1113 pecunia'uel
1299 1049 1337 1097 re
1348 1027 1462 1113 aliqua
1474 1026 1586 1093 iuuare

356 1142 547 1229 expediret,
565 1165 635 1209 non
651 1140 725 1211 eius
753 1141 810 1227 qui
838 1142 1043 1225 discederet,
1073 1144 1134 1209 sed
1150 1142 1266 1209 fratris
1292 1142 1429 1223 merit03
1454 1145 1585 1209 adhaec

363 1260 477 1327 Pater:
500 1258 528 1323 si
552 1280 665 1327 rerum
688 1258 839 1324 omnium
861 1278 973 1326 essem
993 1257 1155 1326 dominus
1175 1258 1351 1344 totiusque
1372 1258 1491 1324 mundi
1510 1281 1588 1325 auro

359 1374 582 1455 abundarem,
614 1396 658 1442 ne
685 1374 824 1439 obolum
848 1373 986 1457 quidem
1011 1373 1209 1439 huiusmodi
1234 1374 1404 1461 profugis,
1427 1384 1463 1441 et
1478 1398 1499 1441 a
1514 1374 1587 1441 reli-

359 1489 478 1577 gione,
506 1488 563 1554 cui
590 1490 695 1556 semel
722 1510 760 1554 se
787 1489 1020 1571 deuouerunt,
1049 1488 1305 1556 discedentibus
1332 1492 1463 1557 darem.
1493 1492 1588 1557 Anno

369 1622 410 1689 53
432 1608 546 1670 ὀἴ-’ὓ

432 1738 486 1808 29.
535 1718 601 1788 Die
622 1720 736 1800 lunae,
756 1741 904 1806 magnae
919 1741 1107 1805 sacraeque
1129 1720 1365 1805 hebdomadis,
1384 1742 1454 1805 quo
1470 1721 1525 1788 die
1543 1722 1590 1786 fe-

360 1836 433 1905 riae
449 1834 459 1875 f
472 1836 537 1905 Sti.
552 1836 681 1924 Joseph
698 1834 973 1915 celebrabantur,
992 1821 1153 1902 narrabat
1166 1835 1272 1904 Pater
1283 1858 1322 1904 se
1333 1837 1377 1903 ad
1389 1836 1466 1905 eius
1477 1837 1587 1902 aedem

360 1950 654 2037 indulgentiarum
678 1950 788 2037 gratia
815 1950 1009 2032 diuertisse,
1040 1951 1276 2037 musicamque
1292 1951 1327 2017 in
1344 1975 1384 2019 ea
1407 1952 1587 2027 audiuisse,

362 2087 469 2152 seque
484 2088 526 2135 ea
543 2066 650 2135 fuisse
678 2056 820 2135 mirifice
840 2078 1045 2149 recreatum,
1069 2078 1104 2133 et
1120 2067 1256 2135 adiecit:
1278 2068 1308 2135 si
1323 2078 1466 2154 gustum
1483 2089 1604 2158 meum*

359 2193 394 2251 et
408 2181 510 2248 animi
528 2182 790 2269 propensionem
808 2202 983 2267 sequerer,
1003 2203 1070 2268 ego
1086 2184 1232 2249 chorum
1250 2194 1463 2268 cantumque
1477 2182 1513 2249 iu
1529 2183 1590 2251 so-

356 2296 485 2365 cietate
501 2297 809 2378 instituerem;·sed
825 2320 896 2364 non
917 2298 1052 2379 faciam,
1076 2298 1238 2384 quoniam
1254 2298 1413 2385 intelligo
1434 2321 1503 2365 non
1521 2321 1590 2367 esse
1625 2336 1630 2355 ι

361 2412 426 2481 Dei
455 2414 679 2491 uoluntatem,
710 2433 823 2498 neque
847 2412 1048 2489 institutum
1071 2414 1141 2481 huc
1169 2424 1325 2480 nostrum
1351 2436 1428 2494 noo,
1447 2415 1509 2482 sed
1529 2414 1591 2481 alio

367 2540 480 2595 uocat.
501 2529 606 2595 Anno
628 2544 803 2612 1554.-r.

433 2664 486 2728 30.
536 2614 740 2741 Agebamus
755 2644 800 2710 de
821 2630 960 2713 carcer'e
979 2643 1192 2711 instituendo
1207 2644 1300 2711 domi
1320 2656 1355 2711 et
1377 2645 1592 2731 compedibus

360 2758 563 2828 coercendis
579 2758 633 2838 iis,
652 2758 710 2843 qui
728 2759 784 2826 uel
801 2758 921 2845 fugam
938 2783 982 2827 ex
1003 2759 1170 2846 religione
1190 2761 1408 2839 adornarent,
1432 2762 1487 2827 uel
1507 2761 1542 2825 in
1557 2780 1593 2827 ea

363 2874 505 2941 nimium
525 2885 641 2943 essent
657 2874 863 2960 pertinaces
883 2887 918 2943 et
942 2874 1051 2942 fraeni
1073 2875 1347 2962 disciplinaeque
1367 2875 1591 2962 impatientes:

361 3011 467 3075 saepe
483 2989 573 3058 enim
589 2988 704 3054 subita
719 2988 833 3075 aliqua
851 2989 1039 3058 tentatione
1060 3001 1324 3058 commonentur
1340 2990 1458 3076 aliqui,
1476 2992 1552 3075 qui,
1568 2990 1593 3055 si

361 3118 445 3171 tunc
461 3105 740 3190 comprimantur,
761 3104 912 3173 resident
928 3116 963 3173 et
979 3107 1020 3172 ad
1034 3106 1210 3193 pristinam
1227 3106 1353 3175 mentis
1368 3106 1591 3173 constantiam

364 3221 523 3302 redeunt;
542 3220 724 3288 sinautem
742 3220 837 3287 nullo
858 3232 953 3288 metu
968 3228 1204 3302 coerceantur,
1222 3223 1418 3289 efferuescit
1433 3219 1594 3310 [tentatio]

364 3346 399 3402 et
416 3335 522 3401 libera
537 3334 572 3400 in
594 3348 782 3404 extremam
799 3334 987 3421 perniciem
1007 3336 1169 3423 erumpit.
1189 3339 1308 3423 ltaque
1324 3360 1403 3404 cum
1420 3339 1593 3411 haedere

374 3470 381 3473 .
395 3468 586 3475 -n-—w—-u

364 3522 466 3576 eodem
483 3520 699 3597 Ribadeueira,
712 3522 747 3577 ni
754 3521 917 3593 fallimur,
931 3522 1010 3579 hisce
1021 3524 1120 3579 verbis
1131 3526 1301 3585 indicatur,
1316 3526 1363 3581 De
1382 3526 1508 3598 Xpoual.
1529 3526 1598 3596 Lay-
1693 3567 1695 3570 -

364 3626 432 3681 ηας
451 3627 529 3681 quae
549 3611 620 3665 dein
638 3610 807 3667 concellata
825 3610 922 3679 fuere.
962 3614 1008 3655 -t
1025 3613 1089 3683 Hoc
1107 3614 1230 3670 verbum
1249 3599 1352 3683 feriae,
1370 3616 1404 3670 in
1423 3616 1596 3688 marginata

366 3698 572 3754 Ribodanairo
588 3700 730 3755 additum
748 3702 878 3761 videtur.
897 3699 973 3755 Cum
985 3707 1099 3766 autam,
1113 3704 1221 3758 charta
1234 3704 1342 3769 recisa,
1350 3704 1422 3777 sm
1434 3704 1599 3776 disparato

361 3791 418 3851 set,
432 3786 542 3843 ibidem
556 3805 576 3842 a
590 3788 699 3844 Natali
711 3790 888 3845 restitutum
901 3790 982 3861 fuit.

402 3940 424 3971 ¹⁰
461 3938 611 4009 Quoniam
626 3938 832 4012 Christophori
846 3940 953 4010 Lainii,
968 3942 1072 4012 Jacobi
1084 3941 1184 3997 fratris
1196 3944 1298 4014 (quem
1308 3943 1496 3999 sacerdotem
1509 3941 1540 3998 in
1553 3943 1599 3998 So

360 4027 476 4083 cietate
489 4026 600 4083 factum
613 4044 680 4083 esse
693 4044 770 4084 anno
785 4029 854 4099 1556
872 4028 962 4087 tradit
974 4030 1159 4101 PotnucuS,
1175 4029 1300 4099 Chron„
1326 4032 1377 4103 Vl,
1402 4033 1478 4103 276),
1500 4030 1598 4087 incidit

367 4117 491 4185 mentio,
504 4117 629 4175 scienda
641 4127 711 4174 sunt
723 4134 800 4192 quae
813 4120 1009 4192 SnccmutJS,
1025 4121 1166 4177 Historia
1185 4121 1216 4177 S.
1224 4121 1259 4193 J.
1276 4122 1310 4179 P.
1325 4118 1364 4192 11,
1377 4121 1430 4181 lib.
1444 4121 1495 4190 111,
1513 4139 1545 4177 n.
1562 4132 1597 4183 ιι,

366 4206 526 4261 memoriae
542 4206 682 4278 prodidit,
697 4224 790 4279 agens
800 4209 838 4265 de
851 4226 933 4280 cura,
946 4226 1035 4284 quam
1049 4211 1179 4281 Jacobus
1193 4210 1323 4278 Lainius,
1336 4210 1494 4266 universae
1506 4210 1598 4265 Socie-

326 4358 328 4361 .
363 4290 436 4349 tatis
447 4293 509 4365 jam
524 4296 722 4369 praepositus,
732 4300 858 4368 gerebat
871 4298 1009 4354 instituta
1022 4308 1123 4354 nostra
1133 4296 1276 4355 inviolate
1293 4298 1442 4355 servandi:
1458 4298 1599 4355 «Christo

363 4384 486 4454 phorum
501 4383 636 4441 Lainium
647 4402 685 4441 ex
698 4402 733 4442 ea
748 4403 833 4442 suum
846 4403 1022 4457 germanum
1031 4386 1153 4442 fratrem
1163 4386 1264 4459 ejecit,
1278 4386 1358 4461 quod
1368 4386 1420 4443 ille
1430 4388 1517 4457 (nihil
1527 4386 1598 4443 enim

364 4473 440 4527 vltra
450 4472 553 4529 scribit
565 4473 603 4529 ad
617 4474 766 4547 Borgiam)
782 4474 811 4531 id
826 4485 1000 4532 mereretur.
1014 4478 1102 4532 Hunc
1118 4475 1228 4532 deinde
1244 4475 1362 4547 regredi
1376 4478 1551 4549 cupientem
1568 4474 1599 4530 ad

363 4559 467 4630 optimi
485 4559 582 4617 fratris
602 4564 772 4619 memoriam
790 4563 918 4637 primum
936 4564 1045 4637 Borgia
1062 4566 1126 4637 ipse
1142 4564 1204 4635 jam
1218 4563 1424 4636 Praepositae,
1437 4565 1598 4637 iterumque

360 4644 519 4703 dimissum
530 4666 631 4707 rursus
641 4651 785 4709 Claudius
796 4653 953 4727 Aquauiua
963 4653 1120 4710 Generalis
1130 4652 1255 4727 recepit,
1266 4662 1298 4709 et
1307 4652 1344 4709 ad
1356 4652 1493 4710 ultimum
1503 4655 1599 4728 quiete

358 4752 400 4791 -ae
413 4736 553 4809 religiose
567 4751 809 4811 perseuerantem
824 4744 902 4799 bona
916 4758 994 4798 more
1012 4744 1165 4799 abstulit„
