3500 5367
383 485 571 541 processus
590 497 721 541 conrna
739 484 895 540 Mrrnmu
914 497 956 540 nu
971 485 1008 563 ι8.
1028 484 1190 544 Cassiano
1315 489 1370 558 659

165 635 350 703 dumtaxat
370 645 529 705 teneatur
548 637 660 706 eidem
683 640 776 704 Dno.
806 637 941 724 Ignatio
962 660 1024 726 pro
1047 639 1235 726 penitentia
1263 641 1402 708 salutari

165 751 268 819 nexis
283 751 433 838 genibus
449 751 585 821 veniam
603 764 731 841 petere.

236 869 282 934 Et
305 867 352 935 ita
374 868 626 955 pronuntiauit,
644 869 834 936 declarauit
855 882 889 936 et
911 869 1133 939 sententiauit
1157 871 1250 938 omni
1274 871 1403 939 melion

167 986 285 1068 modo,
304 984 372 1066 via,
386 985 467 1070 jure
482 997 519 1052 et
534 986 656 1068 forma,
675 984 800 1071 quibus
815 986 941 1072 potuit,
956 996 1023 1053 etc.

237 1102 276 1166 In
293 1122 440 1186 quorum
456 1101 560 1168 fidem
577 1113 776 1188 praesentes
796 1101 870 1169 fieri
893 1113 927 1168 et
949 1121 1013 1189 per
1034 1102 1203 1179 notarium
1227 1103 1403 1169 infrascri—

166 1225 269 1302 ptum
284 1216 454 1284 subscribi
471 1217 658 1285 mandauit.

236 1333 368 1399 Datum
384 1335 516 1401 Romae
531 1333 568 1399 in
583 1333 727 1402 aedibus
742 1333 868 1400 nostris
884 1334 950 1400 sub
971 1355 1061 1400 anno
1085 1356 1105 1400 a
1128 1333 1307 1400 nativitate
1331 1337 1404 1400 Do·

165 1447 253 1513 mini
285 1465 382 1532 1547,
411 1448 598 1516 indictione
625 1448 758 1536 quinta,
788 1449 843 1518 die
870 1471 952 1518 vero
967 1450 1126 1516 'secunda
1147 1449 1275 1518 mensis
1294 1449 1402 1538 Junii,

167 1564 394 1648 pontificatus
409 1565 590 1650 praelibati
606 1564 811 1632 sanctissimi
827 1565 862 1631 in
879 1569 971 1651 Xp0.
992 1565 1103 1632 Patris
1115 1574 1150 1633 et
1162 1565 1242 1632 Dni.
1258 1567 1302 1632 N.
1319 1565 1402 1634 Dni.

164 1680 273 1746 Pauli
288 1678 406 1746 diuina
422 1680 637 1766 providentia
651 1703 761 1768 papae
778 1680 868 1749 tertii
885 1703 975 1748 anno
991 1681 1124 1748 decimo
1141 1680 1255 1750 tertio,

237 1797 289 1861 lta
304 1795 526 1889 pronuntiaui
548 1817 627 1883 ego.
1054 1875 1057 1882 .

686 1916 833 1980 Pernus
851 1915 1049 1980 Rn'eounus
1065 1913 1312 1979 locumtenens

239 2025 349 2112 Copia
365 2027 557 2095 auscultata
573 2049 651 2094 cum
667 2027 827 2114 originali
846 2027 1040 2114 subscripto
1056 2029 1121 2095 sub
1137 2027 1194 2094 die
1210 2025 1263 2094 2.⁸
1279 2013 1405 2094 mensis

161 2142 275 2229 Junii,
292 2152 328 2208 et
343 2145 527 2210 concordat
543 2165 622 2211 cum
643 2145 763 2211 eodem
780 2142 951 2230 originali,
969 2145 1061 2231 quod
1077 2155 1231 2210 attestor.
1251 2145 1290 2210 ln
1305 2143 1405 2228 cujus

170 2257 274 2326 fidem
292 2257 350 2324 hic
365 2280 419 2325 me
435 2259 623 2345 subscripsi
643 2282 710 2327 vna
726 2281 805 2326 cum
822 2261 863 2326 R.
884 2261 923 2326 P.
943 2238 992 2327 1).
1011 2259 1126 2326 vicarii
1148 2258 1253 2329 Urbis
1273 2270 1308 2327 et
1330 2259 1405 2325 eius

166 2374 287 2443 curiae
304 2373 406 2461 sigilli
422 2373 646 2462 impressione
662 2376 705 2442 ad
721 2373 884 2444 maiorem
901 2367 1226 2443 corroborationem.

238 2491 289 2556 lta
304 2501 370 2556 est.
384 2493 536 2577 Joannes
550 2494 743 2578 Bargamus
754 2490 870 2557 curiae
883 2493 923 2559 R.
939 2493 984 2560 D.
1000 2469 1116 2556 vicarii
1133 2490 1287 2558 notarius
1300 2529 1344 2540 —
1360 2529 1404 2540 —
1464 2555 1468 2564 ,

170 2641 215 2654 -
230 2643 276 2654 -
292 2645 336 2654 -
351 2605 386 2671 in
403 2606 519 2673 fidem.

237 2724 269 2788 A
286 2727 395 2808 tergo.
415 2720 594 2790 Sententia
609 2720 856 2808 vicesgerentis
873 2743 934 2808 pro
950 2723 987 2790 S.
1006 2721 1140 2808 Ignatio
1157 2731 1280 2788 contra
1291 2724 1319 2788 F
1321 2745 1403 2788 ran-

165 2836 302 2903 ciscum
319 2837 524 2906 Ferrerium.

237 2953 349 3019 Manu
365 2954 401 3020 S.
423 2954 569 3040 Ignatii.
588 2953 772 3038 Sentencia
787 2956 889 3020 sobre
906 2955 1038 3038 Ferret.

258 3142 625 3226 EXTRACTUS
667 3141 1016 3256 PROCESSUS
1059 3143 1308 3226 CONTRA

385 3273 673 3358 narnium-ont
692 3273 819 3332 eosne
837 3271 916 3333 eno
936 3273 1158 3332 sommum
1177 3291 1191 3320 ι

316 3526 632 3594 SUPPLICATIO
658 3526 751 3593 PRO
762 3403 1039 3594 5ὃθθίῖΙΕΤΑΤΕ
1064 3525 1260 3592 CONTRA

545 3661 811 3710 accusnronmr
829 3661 997 3708 unrmnu
1019 3644 1026 3674 ¹

220 3802 386 3847 ussuomat.
403 3804 464 3846 m
481 3803 576 3847 MONS.
596 3803 639 3846 DE
657 3801 782 3846 CESENA
799 3801 843 3844 DA
861 3801 1054 3846 PROPONERE
1067 3803 1100 3846 ΙΝ
1112 3803 1152 3846 [Α
1166 3802 1349 3848 SIGNATURA

490 3892 585 3936 vuum
604 3892 738 3936 multum
759 3891 799 3934 AL
821 3891 948 3936 NOSTRO
968 3891 1084 3934 SIGNOR

236 3998 290 4063 Fu
309 3961 502 4084 supplicato
524 4019 545 4063 a
565 3998 603 4065 S.
627 3998 664 4065 S.
687 3997 752 4062 che
775 3995 955 4062 mandasse
980 3995 1105 4062 uedere
1132 4018 1193 4083 per
1219 3995 1349 4064 iustitia
1372 3999 1405 4068 le

168 4112 255 4180 talse
270 4110 499 4198 imputationi,
518 4114 585 4180 che
606 4110 739 4178 Mathia
758 4111 847 4177 dalle
869 4113 974 4180 Poste
994 4113 1129 4178 haueua
1150 4111 1405 4198 publicamente

222 4307 237 4333 ²
273 4291 334 4346 Hic
344 4291 454 4346 titulus
465 4294 563 4346 exstat
575 4290 609 4344 in
626 4307 694 4355 ms„
709 4305 771 4343 non
784 4305 854 4344 vero
866 4306 999 4360 sequens.

170 4397 383 4407 ,-.------

184 4480 193 4494 .
222 4443 231 4475 ¹
269 4427 314 4498 1331
326 4443 496 4514 apographo
508 4441 538 4496 in
553 4440 626 4497 eoa.
642 4442 730 4496 Rom.
743 4441 787 4509 rr,
801 4459 831 4497 n.
845 4440 957 4496 xxxu
970 4441 1024 4510 (υ
1038 4442 1126 4498 rocol.
1140 4443 1265 4499 Exstant
1278 4441 1337 4498 uuo
1348 4443 1404 4498 ana

164 4519 333 4603 apographa
347 4530 379 4585 in
391 4530 497 4586 eodem
508 4528 622 4597 codice,
637 4547 667 4586 n.
687 4529 796 4600 XXVI,
814 4545 940 4600 quorum
962 4528 1087 4600 primum
1109 4529 1220 4602 duplici
1242 4529 1314 4586 folio
1336 4548 1405 4586 con·

166 4629 237 4691 stat,
252 4621 306 4674 sed
319 4636 411 4674 unum
424 4627 539 4674 tantum
551 4624 703 4673 exaratum
716 4624 774 4689 θείς
788 4619 914 4672 alterum
928 4633 999 4672 vero
1011 4619 1212 4689 apographum
1226 4619 1344 4674 unicum
1355 4621 1406 4676 ha-

167 4710 221 4765 bet
235 4709 348 4765 folium.
364 4707 455 4764 Aliud
468 4707 557 4764 etiam
571 4707 771 4779 apographum
784 4706 907 4762 exhibet
922 4705 994 4762 Cod.
1009 4705 1151 4766 Maeotin.
1166 4708 1191 4772 1,
1206 4727 1236 4766 n.
1252 4722 1296 4779 24.
