3500 5367
523 458 614 514 Aera
637 457 671 514 S.
693 457 815 512 quauu
835 471 854 510 Α
875 455 909 509 Ρ.
929 455 1113 510 Cousntvro
1362 450 1397 522 93

264 609 303 678 Li
321 603 550 699 9'compagni
570 630 724 678 uennero
741 631 761 676 a
789 607 926 676 Vinetia
947 608 972 674 il
992 606 1161 693 principio
1181 607 1237 674 del
1259 624 1314 690 37.
1336 605 1387 673 La
1403 605 1433 672 si

106 705 110 712 ⁵
194 726 347 793 diuisero
363 751 381 794 a
399 726 530 794 seruire
542 748 601 814 per
613 705 740 793 diuersi
752 723 924 812 hospitali.
941 727 1040 811 Dopo
1058 741 1077 790 2
1094 745 1116 790 o
1133 743 1153 808 3
1168 723 1253 790 mesi
1265 745 1304 791 se
1320 725 1355 788 n'
1368 745 1432 789 an-

194 843 327 910 dorono
342 845 424 910 tutti
440 865 461 909 a
477 846 584 912 Roma
600 866 620 909 a
635 841 759 930 pigliar
775 842 807 908 la
824 838 1058 908 benedittione
1071 862 1131 927 per
1147 861 1284 926 passare
1297 838 1331 905 in
1345 838 1430 906 Hie·

194 960 357 1030 rusalem.
374 961 401 1026 ll
416 957 595 1046 pelegrino
611 981 681 1027 non
702 958 792 1026 ando
807 977 869 1044 per
890 977 995 1023 causa
1010 956 1067 1023 del
1092 957 1208 1023 dottor
1231 955 1330 1022 Ortiz
1352 958 1378 1040 ⁰,
1397 966 1431 1023 et

194 1077 306 1144 anche
321 1077 377 1142 del
395 1097 513 1142 nuouo
531 1073 704 1143 cardinale
727 1073 883 1141 theatino
907 1076 931 1142 ¹.
953 1071 994 1140 Li
1014 1070 1198 1159 compagni
1215 1093 1368 1140 uennero
1388 1072 1433 1137 da
1528 1100 1533 1108 ·

193 1193 306 1260 Roma
321 1213 390 1258 con
406 1191 516 1279 police
532 1190 566 1258 di
584 1208 686 1257 2000
704 1209 769 1275 300
784 1188 896 1269 scudi,
913 1189 938 1254 li
959 1187 1050 1274 quali
1067 1187 1115 1275 gli
1138 1188 1262 1254 surono
1278 1187 1350 1254 dati
1371 1209 1432 1274 per

193 1305 380 1376 elemosina
396 1330 458 1394 per
474 1328 613 1394 passare
629 1305 667 1372 in
681 1306 913 1387 Hierusalem3
931 1316 966 1372 et
982 1305 1058 1371 loro
1075 1326 1144 1372 non
1160 1304 1210 1392 gli
1224 1305 1360 1371 uolsero
1376 1304 1426 1392 pi·

191 1424 303 1510 gliare
326 1445 434 1492 senon
446 1423 482 1490 in
495 1422 629 1510 pollice3
644 1421 668 1489 li
680 1409 773 1507 quali
787 1419 892 1508 dipoi,
907 1442 977 1487 non
990 1421 1140 1507 potendo
1152 1421 1281 1488 andare
1293 1419 1329 1485 in
1343 1419 1430 1488 Hie-

192 1540 358 1622 rusalem,
376 1539 426 1626 gli
443 1539 638 1607 rendettero
654 1560 674 1606 a
690 1537 806 1625 quelli,
825 1539 893 1605 che
909 1537 958 1624 gli
975 1538 1159 1604 haueuano
1175 1536 1258 1605 dati.

264 1655 305 1724 Li
325 1654 509 1749 compagni
529 1665 693 1722 tornomo
714 1677 734 1722 a
753 1653 888 1722 Vinetia
904 1654 960 1720 del
976 1653 1078 1720 modo
1094 1655 1160 1720 che
1175 1675 1281 1721 erano
1297 1651 1429 1736 andati,

194 1772 271 1840 ciue
295 1771 421 1859 apiedi
445 1782 480 1840 et
508 1769 736 1838 mendicando
756 1769 784 1850 ⁶,
808 1793 862 1838 rna
890 1767 993 1836 diuisi
1013 1767 1048 1834 in
1071 1779 1123 1837 tre
1144 1769 1244 1855 parti,
1271 1781 1306 1837 et
1328 1770 1364 1838 in
1386 1770 1434 1837 tal

193 1890 312 1971 mod0,
330 1891 395 1956 che
410 1909 546 1974 sempre
568 1909 673 1954 erano
687 1886 722 1954 di
738 1886 876 1954 diuerso
893 1885 1034 1953 nationi.
1052 1887 1102 1953 La
1118 1884 1153 1951 in
1170 1886 1317 1954 Venetia
1332 1885 1362 1953 si
1375 1909 1434 1953 or·

194 2007 366 2073 dinotono
390 2005 434 2071 da
450 2024 562 2072 messa
578 2004 682 2090 quelli
698 2005 763 2072 che
780 2024 848 2068 non
864 2023 970 2070 erano
987 2000 1146 2083 ordinati,
1166 2011 1200 2069 et
1216 2002 1265 2089 gli
1282 2003 1378 2072 dette
1392 2001 1435 2069 li·

194 2121 311 2189 centia
326 2121 350 2187 il
366 2119 501 2202 nuntio,
520 2121 584 2187 che
600 2121 656 2187 all'
675 2120 761 2186 hora
777 2143 835 2188 era
851 2118 885 2184 in
902 2117 1060 2198 Venetia,
1076 2120 1141 2185 che
1154 2117 1210 2204 poi
1222 2117 1251 2184 si
1263 2118 1399 2187 chiamd
1411 2117 1435 2185 il

195 2239 303 2305 Card.
321 2236 472 2306 Verallo.
487 2235 525 2305 Si
538 2235 722 2304 ordinorno
738 2237 781 2302 ad
798 2234 935 2301 titulum
952 2233 1175 2320 paupertatis,
1190 2233 1335 2302 facendo
1352 2231 1433 2301 tutti

195 2353 274 2420 uoti
290 2353 325 2419 di
341 2353 464 2420 castiti
481 2363 517 2419 et
532 2351 688 2439 pouerti.
711 2365 714 2372 ’

265 2487 317 2558 94.
366 2469 405 2535 In
421 2468 535 2554 quello
552 2489 642 2534 anno
659 2489 727 2534 non
748 2487 941 2554 passauano
961 2465 1041 2533 naui
1063 2465 1097 2532 in
1120 2467 1286 2550 Leuante‚
1305 2467 1429 2553 parchi

197 2583 221 2650 li
249 2583 421 2652 venetiani
448 2585 632 2652 haueuano
649 2593 740 2650 rotto
764 2603 828 2648 con
850 2580 975 2648 turchi.
999 2583 1041 2647 Et
1063 2583 1136 2648 cosi
1156 2582 1242 2663 loro,
1273 2585 1433 2652 uedendo

196 2701 307 2768 chesi
335 2699 520 2786 allongaua
543 2700 575 2765 la
602 2721 766 2785 speranza
782 2699 837 2766 del
853 2718 1004 2786 passam,
1027 2697 1056 2764 si
1075 2697 1306 2785 compartirno
1321 2721 1383 2786 per
1398 2702 1432 2766 lo

197 2816 385 2886 venetiano
399 2837 465 2882 con
477 2815 671 2884 intentione
687 2813 909 2902 di‘aspettare
924 2816 948 2880 l'
966 2837 1059 2882 anno
1071 2817 1136 2884 che
1152 2817 1335 2884 haueuano
1346 2815 1434 2885 deli·

199 2936 333 3014 berato;
352 2943 387 3000 et
403 2931 460 3019 poi
486 2933 551 2998 che
574 2931 663 2998 losse
692 2929 828 3012 sornito,
846 2940 882 2998 et
908 2951 976 2998 non
1003 2931 1094 2998 losse
1121 2929 1319 3018 passaggio,
1337 2953 1375 2998 se
1391 2953 1435 2998 ne

199 3047 422 3116 andarianoa
439 3050 559 3116 Roma.

266 3165 311 3233 ΑΙ
328 3163 503 3252 pelegrino
520 3166 618 3230 tocco
640 3162 767 3232 andare
787 3183 853 3230 con
875 3163 988 3230 Fabro
1009 3174 1044 3231 et
1066 3163 1204 3250 Laynez
1225 3186 1245 3231 a
1267 3163 1452 3240 Vicenza„

198 3283 249 3350 Ia
265 3291 429 3350 trouorno
447 3301 514 3348 una
530 3292 623 3348 certa
639 3299 719 3345 casa
735 3277 824 3345 fuori
839 3279 929 3346 della
946 3290 1048 3360 terra,
1067 3281 1133 3348 che
1150 3301 1220 3348 non
1237 3283 1373 3349 haueua
1389 3280 1433 3348 nd

197 3410 308 3486 porte,
326 3399 368 3465 ne
386 3398 546 3479 fenestre,
564 3396 655 3464 nella
670 3395 772 3480 quale
788 3406 934 3462 stauano
954 3395 1141 3464 dormando
1157 3418 1261 3483 sopra
1278 3418 1326 3462 un
1343 3419 1434 3484 poco

155 3589 157 3594 ,
198 3516 234 3580 di
250 3514 364 3601 paglia
380 3514 443 3581 che
458 3515 643 3608 haueuano
657 3523 791 3598 portata
811 3513 837 3577 ⁸.
861 3510 931 3578 Dui
946 3511 982 3576 di
998 3513 1070 3578 loro
1092 3514 1273 3580 andauano
1296 3534 1433 3600 sempre

198 3653 220 3698 a
235 3651 373 3698 cercare
388 3627 573 3696 elemosina
589 3628 653 3696 alla
671 3637 760 3696 terra
778 3628 845 3695 due
865 3628 956 3694 uolte
973 3627 993 3693 il
1011 3627 1060 3709 di,
1075 3638 1110 3694 et
1126 3640 1320 3714 portauano
1339 3640 1436 3696 tanto
1493 3639 1497 3648 “

200 3767 300 3834 pocO,
327 3749 392 3814 che
419 3744 517 3831 quasi
545 3765 614 3811 non
646 3743 675 3810 si
702 3754 875 3830 poteuano
903 3753 1104 3812 sostentare.
1136 3744 1436 3818 Ordinariamente

197 3861 428 3950 mangiauano
445 3883 490 3927 un
507 3881 595 3948 poco
616 3859 650 3926 di
667 3881 734 3945 pan
750 3869 856 3940 cott0,
872 3859 1011 3944 quando
1027 3861 1050 3924 l'
1068 3861 1264 3939 haueuano,
1292 3860 1315 3926 il
1332 3861 1435 3946 quale

199 3979 418 4049 attendeuaa
433 3996 580 4044 cuocere
596 3976 710 4063 quello
725 3976 792 4043 che
809 3986 946 4043 restaua
967 3975 1001 4040 in
1018 3997 1110 4045 casa.
1134 3977 1172 4042 ln
1194 3988 1318 4062 questo
1334 3977 1435 4043 modo

200 4117 367 4184 passorno
382 4113 426 4178 40
441 4094 489 4177 di,
507 4115 576 4160 non
594 4091 806 4161 attendendo
824 4092 866 4158 ad
884 4090 973 4160 altro
990 4093 1054 4160 che
1070 4114 1090 4160 a
1107 4091 1266 4161 orationi.

254 4233 269 4274 d
307 4225 494 4286 mendicandi
507 4245 564 4282 ms.

252 4349 264 4384 ⁸
301 4347 408 4403 Petrus
420 4343 563 4415 Ortizius,
576 4342 627 4417 qul
641 4341 762 4399 Parisiis
772 4359 805 4398 se
819 4343 936 4414 Ignatio
949 4341 1151 4398 adversarium
1165 4343 1352 4416 praebuerat.

252 4444 262 4472 ³
301 4437 423 4504 Causas,
435 4451 487 4490 cur
498 4433 632 4506 Iguuius
644 4432 784 4488 cardinali
798 4433 906 4504 Joanul
920 4432 1009 4487 Petro
1019 4431 1153 4488 Caratlae
1163 4431 1366 4506 displicuerat,
1377 4435 1437 4490 col·
1523 4451 1526 4456 ·

200 4529 259 4600 lige
272 4545 310 4582 ex
320 4525 400 4582 illius
413 4523 539 4598 epistola
551 4539 646 4594 nuper
658 4521 748 4578 edita.
763 4522 869 4578 Sancti
883 4521 1036 4596 Ignatii...
1049 4521 1215 4594 Epistulae,
1229 4523 1254 4595 1,
1267 4524 1398 4594 114·118.
1468 4588 1472 4595 ⁴

252 4619 265 4653 ⁸
303 4617 349 4672 De
362 4616 418 4671 hoc
431 4613 496 4687 ipso
508 4614 573 4670 loco
586 4611 718 4683 Ignatius
731 4609 821 4667 etlam
832 4609 895 4682 agit
908 4611 1034 4684 epistola
1045 4611 1081 4668 ad
1092 4611 1212 4668 Petrum
1223 4612 1436 4669 Contarenum.

203 4708 308 4766 Sancti
323 4705 474 4780 Ignatii...
490 4702 655 4776 Epistulae,
668 4699 691 4767 1,
710 4715 770 4770 125.
