3500 5367
418 416 485 485 520'
574 436 577 442 ¹
622 418 625 423 '
798 406 1008 473 Monuttmi'ra
1026 400 1205 471 Ienn‘rmna

382 568 507 654 lagena
518 566 590 636 vini
605 578 640 637 et
656 590 745 654 pane
761 569 804 635 ad
820 550 1080 635 refocillandum
1101 568 1203 650 vires,
1222 568 1251 635 si
1271 591 1358 656 opus
1378 580 1468 639 esset.
1487 567 1516 634 ld
1526 589 1563 633 re·

382 684 533 752 sciscens
549 686 590 751 B.
610 684 724 767 Pater,
743 698 925 771 postquam
941 686 1127 753 Lauretum
1147 684 1345 766 abiuissem,
1374 685 1460 755 dedit
1478 681 1563 770 poeni·

383 799 523 869 tentiam
540 800 700 868 omnibus
716 801 774 887 qui
791 800 1002 887 peregrinati
1019 802 1166 880 fuerant,
1184 803 1278 887 quod
1293 824 1361 882 res,
1379 800 1488 879 aiebat,
1501 810 1563 866 esset
1649 840 1652 848 ·

383 915 461 982 mali
477 916 636 1004 exempli,
654 938 694 984 ac
711 916 849 983 minime
865 916 1075 984 conueniens
1091 915 1273 985 Societatis
1294 915 1465 1003 religiosis.
1479 913 1562 982 Adde·

317 1026 320 1033 ’
382 1034 452 1111 bat,
472 1034 565 1116 quod
581 1043 822 1119 argumentum
841 1030 875 1097 id
891 1043 983 1101 esset
997 1030 1191 1098 deuotionis
1206 1032 1384 1112 tenuioriS,
1397 1053 1468 1099 cum
1479 1048 1564 1096 omnes

381 1145 554 1233 peregrini
566 1148 654 1216 belle
668 1148 870 1227 valeremuS,
886 1147 1128 1231 mandauitque
1139 1159 1177 1212 vt
1189 1147 1234 1215 de
1248 1157 1386 1216 caetero
1395 1145 1469 1213 nihil
1478 1142 1564 1210 huius·

381 1262 472 1328 modi
494 1262 744 1331 admitteretur.

448 1394 503 1461 27.
551 1378 657 1445 Hunc
672 1378 828 1464 spiritum
850 1378 986 1445 dicebat
1005 1400 1043 1445 se
1063 1376 1258 1447 desiderare
1280 1378 1313 1443 in
1334 1370 1565 1445 hominibuss'o·

380 1490 525 1574 cietatiS‚
544 1492 645 1559 sicuti
661 1515 781 1561 reuera
797 1492 845 1559 illi
861 1492 1008 1561 maxime
1023 1492 1196 1581 proprium
1208 1504 1294 1572 erat,
1310 1504 1347 1560 vt
1364 1515 1430 1559 non
1441 1493 1564 1559 haberent

379 1607 494 1675 minus
509 1608 703 1697 deuotionis
718 1607 751 1674 in
770 1608 951 1693 quibusuis
967 1607 1127 1695 operibus
1142 1607 1294 1675 caritatis
1309 1620 1345 1676 et
1360 1607 1481 1688 officiis,
1491 1626 1564 1691 quan

380 1721 414 1788 in
432 1724 585 1792 oratione
600 1735 635 1791 et
656 1723 889 1807 meditatione3
914 1723 1192 1810 quandoquidem
1217 1723 1304 1791 nihil
1330 1726 1440 1792 facere
1461 1719 1563 1788 omnino

379 1860 442 1906 nos
457 1839 608 1922 deceret,
626 1838 692 1909 nisi
708 1861 768 1926 pro
785 1861 901 1908 amore
928 1849 962 1908 et
989 1838 1157 1908 seruitute
1179 1838 1246 1907 Dei
1261 1849 1295 1907 et
1311 1841 1356 1905 ad
1373 1838 1444 1908 eius
1457 1833 1563 1926 glorian

379 1930 414 2019 et
430 1957 606 2021 honorem.

360 2080 362 2085 ’
446 2072 501 2137 28.
550 2071 720 2156 Quamuis
736 2043 936 2159 (inquiebatj
953 2072 1126 2140 oblectare
1142 2092 1206 2137 nos
1221 2071 1354 2137 soleant
1370 2068 1485 2151 omnia,
1502 2086 1563 2152 quae

378 2184 545 2253 sentimus
560 2208 623 2253 nos
637 2188 749 2256 facere
765 2190 809 2255 ad
824 2188 891 2257 Dei
907 2186 1053 2274 gloriam
1073 2199 1107 2252 et
1125 2188 1308 2268 honorem,
1326 2186 1422 2253 iuuat
1439 2196 1528 2251 tamen
1539 2195 1563 2241 u

378 2300 564 2388 impensius
580 2301 682 2371 etiam
699 2303 922 2384 delectemur,
941 2304 1080 2388 quando
1096 2322 1137 2369 ea
1147 2301 1253 2383 nobis
1274 2303 1318 2368 ab
1334 2297 1508 2368 obedientia
1519 2294 1564 2360 in·

378 2428 551 2502 perantur;
571 2418 652 2503 quia
667 2428 751 2485 tunc
768 2418 854 2486 certi
876 2440 997 2485 sumus
1017 2418 1110 2503 quod
1129 2438 1171 2486 ea
1190 2416 1382 2495 rectissime
1409 2416 1524 2483 tendant
1534 2408 1563 2475 ad

378 2531 443 2599 Dei
458 2532 604 2620 gloriam
622 2546 635 2573 ⁰
650 2546 684 2602 et
701 2534 893 2602 seruitium.

446 2667 499 2737 29.
515 2638 517 2641 ⁵
548 2654 602 2718 De
617 2651 811 2719 obedientia
824 2654 946 2721 crebro
962 2651 1169 2732 inculcabat,
1188 2652 1281 2736 quod
1295 2672 1349 2731 ea,
1367 2673 1451 2737 quae
1468 2668 1503 2715 ex
1513 2640 1564 2708 ³01³

376 2766 554 2833 voluntate
571 2766 720 2854 profluit,
739 2790 808 2835 non
825 2768 868 2835 sit
885 2771 1049 2855 perlecta,
1064 2766 1129 2832 nisi
1144 2766 1341 2835 adiunctam
1353 2769 1468 2834 habeat
1479 2753 1562 2827 iudicii

375 2881 637 2951 submissionem
654 2905 695 2950 ac
716 2882 1002 2964 conformitatem
1028 2883 1114 2950 adeo
1137 2894 1187 2963 vt,
1213 2881 1272 2968 qui
1286 2882 1323 2948 in
1348 2881 1563 2951 Societatenon

375 2998 566 3064 conformat
582 2997 747 3066 iudicium
775 3020 876 3066 suum
893 3021 973 3066 cum
990 2997 1117 3063 iudicio
1131 2996 1330 3084 superioris,
1349 2999 1450 3067 altero
1466 3000 1563 3059 tantum

375 3114 461 3198 pede
477 3112 521 3179 sit
537 3113 572 3179 in
594 3114 779 3197 Societate,
803 3126 849 3199 et¹
861 3114 938 3184 ideo
958 3127 974 3166 Ρ
993 3113 1095 3180 valde
1110 3134 1244 3200 pronus
1265 3113 1309 3179 ad
1324 3134 1452 3181 casum.

444 3248 498 3311 30.
549 3232 791 3316 Paupertatem
814 3231 900 3297 adeo
926 3230 1062 3297 colebat
1084 3229 1119 3295 in
1139 3228 1241 3295 domo
1261 3229 1425 3314 professa,
1447 3235 1488 3305 vt,
1508 3236 1563 3286 eum

377 3342 510 3429 aegroti
526 3344 681 3411 nonnulli
697 3347 741 3415 de
755 3347 876 3414 eadem
897 3346 1000 3412 domo
1020 3366 1108 3430 opus
1125 3345 1294 3412 haberent
1314 3344 1455 3428 quodam
1469 3350 1564 3427 genere

377 3456 461 3539 vini,
480 3460 573 3544 quod
588 3459 622 3525 in
640 3460 787 3549 collegio
803 3462 1027 3540 habebamus,
1046 3482 1116 3526 non
1128 3480 1249 3546 passus
1262 3457 1366 3526 fuerit
1380 3480 1449 3527 eam
1460 3457 1564 3521 domun

377 3596 397 3638 a
413 3574 512 3640 nobis
527 3578 725 3661 amphoram
745 3598 848 3644 vnam
874 3576 1043 3663 accipere,
1061 3575 1127 3641 nisi
1151 3574 1352 3643 tantundem
1379 3576 1422 3642 de
1437 3590 1492 3639 suo
1508 3562 1563 3633 red·

377 3690 486 3770 deret,
504 3693 597 3776 quod
609 3692 788 3777 aliquoties
804 3714 881 3759 sum
898 3705 1072 3780 expertus.
1303 3762 1308 3771 ,

446 3824 499 3888 31.
548 3806 755 3876 Metiebatur
782 3830 883 3895 porro
906 3807 1150 3895 perfectionem
1170 3804 1383 3892 paupertatis
1402 3802 1434 3870 in
1458 3794 1563 3867 vestitu,

377 3941 445 3986 non
471 3942 513 3988 ex
529 3922 633 4007 panni
658 3922 800 4005 vilitate,
823 3926 886 3993 sed
912 3947 955 3992 ex
981 3922 1161 3991 duratione
1188 3932 1224 3989 et
1250 3918 1412 3990 mediocri
1434 3913 1562 3983 bonitate

377 4046 558 4122 propterea
573 4059 695 4124 passus
710 4052 774 4120 est,
793 4062 848 4108 me
864 4051 1008 4120 rectore,
1022 4049 1059 4104 vt
1072 4058 1206 4126 pannus
1217 4036 1436 4114 romanensis,
1449 4042 1564 4115 quomo

377 4160 460 4218 tunc
477 4153 668 4237 utebamur,
687 4177 815 4243 magno
830 4133 1008 4241 dispendio
1020 4151 1226 4221 valetudinis
1241 4162 1279 4220 et
1292 4151 1341 4223 rei
1358 4149 1443 4241 (quia
1461 4140 1564 4213 attritus

377 4266 462 4333 nulli
479 4268 555 4335 vsui
572 4270 756 4353 seruiebat3
775 4271 911 4358 integer
927 4292 1009 4338 vero
1030 4280 1099 4336 tam
1120 4268 1239 4356 grauis
1252 4278 1340 4348 erat,
1363 4247 1399 4334 ut
1416 4284 1472 4331 nos
1484 4252 1564 4327 conl·

376 4384 494 4467 ceret),
516 4385 683 4453 eumalio
710 4398 911 4455 mutaretur:
941 4384 1127 4471 consensit,
1150 4384 1302 4471 inquam,
1324 4394 1363 4451 vt
1383 4404 1422 4452 ex
1439 4366 1563 4446 Flandria

430 4648 443 4676 ⁰
480 4634 632 4691 honorem.
672 4654 721 4693 -u
739 4648 771 4693 et
783 4636 862 4694 hinc.
