3500 5367
359 501 540 557 Responsio
558 500 592 554 P.
612 498 763 559 Mauram
782 511 825 553 ao
844 498 876 555 P.
899 498 1043 556 Lancrcrr
1061 513 1249 558 rosrurnrn
1331 501 1386 570 513

183 651 339 720 matione
354 662 390 721 et
406 650 632 720 admiratione
652 652 1071 746 argumentumfecerunt
1090 666 1105 691 t
1126 674 1186 739 per
1206 653 1423 743 ’‘coniectu-

173 788 272 849 .ram,
292 768 385 853 quod
401 766 553 835 omniurn
570 766 717 835 maxime
732 766 865 853 effigies
881 766 938 834 illa
953 780 1175 855 congrueret.

252 883 336 963 Sed,
354 894 392 949 vt
406 882 492 950 dixit
507 881 604 963 mihi,
619 892 770 971 ternpore
782 884 1063 969 congregationis
1075 884 1227 965 vltimae‚
1247 906 1421 973 veneran-

182 998 251 1065 dus
266 1000 311 1065 D.
333 997 512 1085 Philippus
528 997 654 1065 Nerius
673 996 750 1085 piae
768 996 969 1079 memoriae,
992 1000 1186 1085 praefectus
1208 1000 1358 1067 Oratorii
1379 1005 1416 1083 ¹⁰,

180 1112 266 1198 quia
282 1114 400 1181 vultus
416 1117 456 1181 B.
477 1112 588 1180 Patris
604 1112 695 1179 illius
711 1113 962 1200 supernaturali
978 1116 1126 1200 quodam
1147 1116 1329 1201 splendore
1345 1131 1419 1185 erat

180 1250 356 1315 aspersus
373 1230 468 1296 nulla
482 1250 623 1315 prorsus
638 1228 772 1317 effigies
794 1229 914 1315 effingi
930 1240 1043 1315 potest
1065 1241 1138 1297 arte
1154 1230 1308 1317 pictoria,
1328 1254 1418 1317 quae

179 1364 264 1413 vere
276 1344 371 1413 illurn
385 1355 630 1431 repraesentet.
647 1348 750 1413 Pater
763 1343 894 1411 Mutius
906 1344 1107 1413 Vitteleschi
1119 1356 1193 1414 erat
1205 1346 1290 1413 mihi
1303 1348 1417 1415 socius

181 1462 324 1544 quando
340 1460 477 1527 visitaui
492 1462 538 1531 D.
558 1460 753 1548 Philippum
770 1460 926 1540 Nerium,
944 1472 979 1529 et
995 1460 1131 1548 scripsit
1146 1463 1190 1528 ad
1203 1485 1256 1530 me
1272 1486 1310 1531 se
1326 1464 1416 1550 opti—

181 1598 239 1643 me
259 1576 456 1643 meminisse
470 1597 602 1657 eorum,
624 1593 713 1661 quae
733 1586 805 1643 tum
821 1575 1051 1653 dixitbeatus
1072 1576 1129 1644 ille
1149 1578 1202 1644 vir
1220 1578 1414 1665 Philippus.

181 1692 227 1757 Et
242 1692 329 1759 haec
344 1691 481 1778 quidem
498 1694 543 1759 ad
559 1692 731 1779 postulata
746 1705 771 1756 5.

659 1894 749 1941 PARS
776 1894 942 1943 SECUNDA

250 2042 362 2111 Venio
379 2043 479 2109 modo
494 2044 538 2109 ad
560 2054 695 2110 sextum
716 2042 881 2129 epistolae
900 2055 1037 2112 vestrae
1056 2056 1172 2131 caput,
1194 2048 1262 2112 hoc
1283 2054 1349 2126 est,
1372 2047 1414 2112 ad

177 2157 258 2225 eius
275 2158 481 2227 documenta
493 2169 527 2225 et
543 2158 710 2243 exempla,
729 2178 817 2244 quae
832 2158 935 2225 nobis
950 2159 1098 2245 reliquit.

254 2292 306 2351 11,
355 2273 588 2340 Admirandus
604 2284 678 2343 erat
693 2274 914 2355 in‘sermohe;
933 2296 1012 2341 narn
1028 2275 1084 2342 ille
1100 2275 1219 2362 grauis
1238 2286 1325 2356 erat,
1345 2298 1414 2342 non

177 2388 357 2469 incitatus,
376 2410 445 2455 non
461 2410 636 2476 praeceps,
655 2412 725 2457 non
742 2388 864 2471 inanis,
883 2391 943 2455 sed
956 2390 1085 2458 solidus
1100 2401 1135 2457 et
1150 2392 1284 2472 efficax,
1298 2413 1338 2459 ac
1351 2391 1416 2456 viri

177 2504 332 2589 denique
346 2526 428 2573 vere
443 2504 568 2572 sancti.
587 2507 666 2573 Non
681 2506 885 2573 audiebatur
900 2505 1082 2591 quicquam
1099 2505 1147 2573 illi
1164 2506 1321 2575 excidere
1334 2528 1414 2575 casu

177 2632 213 2691 et
231 2642 275 2688 ex
290 2619 488 2707 improuis03
507 2622 568 2688 sed
588 2642 627 2687 os
647 2621 730 2687 illud
746 2623 885 2689 beatum
905 2605 1040 2708 semper
1060 2622 1148 2690 seria
1168 2635 1204 2689 et
1223 2624 1414 2709 praemedi-

177 2747 251 2804 tata
266 2736 474 2822 proferebat3
493 2736 636 2821 proinde
651 2737 695 2803 ab
711 2735 785 2822 ipso
801 2758 904 2811 nemo
924 2738 1108 2804 recedebat
1128 2737 1194 2803 nisi
1215 2738 1305 2806 bene
1327 2759 1414 2804 con-

176 2852 325 2933 solatuS,
343 2851 532 2919 instructus
552 2851 693 2918 salutari
708 2852 864 2931 consilio,
883 2862 918 2918 et
934 2862 1130 2933 contentuS,
1149 2852 1223 2920 siue
1242 2833 1414 2922 obtineret

176 2968 273 3055 quod
288 2966 499 3046 intendebat,
528 2966 604 3036 siue
631 2953 713 3049 non;
736 2967 817 3052 quia
844 2968 946 3037 beato
961 2967 1035 3034 viro
1057 2968 1211 3036 miranda
1230 2968 1412 3037 ineratdi-

177 3082 284 3152 cendi
296 3082 432 3170 gratia„

253 3216 303 3265 12.
353 3200 474 3284 Neque
495 3198 609 3267 minus
628 3198 743 3266 decori
764 3210 798 3267 et
826 3198 946 3267 nitoris
972 3199 1008 3266 in
1031 3182 1251 3267 'sermonibus
1277 3199 1414 3286 scriptis

174 3315 351 3394 seruabat,
369 3314 570 3400 praesertim
598 3316 735 3401 quando
761 3317 806 3382 ad
830 3315 921 3382 viros
948 3338 1076 3403 graues
1103 3316 1288 3398 scribebat3
1307 3326 1412 3402 atque

172 3429 266 3497 idem
283 3430 446 3498 decorum
462 3453 483 3497 a
498 3430 576 3497 filiis
592 3429 722 3497 seruari
735 3430 951 3499 desiderabat
967 3444 1003 3500 et
1014 3432 1187 3518 exigebat.
1203 3431 1344 3501 Memini
1356 3456 1411 3501 me

174 3544 303 3613 vidisse
319 3544 499 3631 epistolam
512 3547 555 3612 ad
568 3546 751 3631 quendam,
766 3546 823 3631 qui
836 3560 860 3630 ⁸,
878 3549 924 3613 ob
935 3546 1051 3615 literas
1067 3549 1110 3614 ad
1126 3548 1237 3634 ipsum
1253 3548 1410 3635 scriptas

173 3658 277 3749 graui
295 3659 529 3729 admonitione
545 3660 639 3727 illum
657 3661 811 3749 feriebat,
830 3664 922 3747 quod
939 3662 1049 3729 lituris
1065 3672 1100 3729 et
1116 3662 1209 3730 vitiis
1224 3664 1412 3731 maculatas

172 3775 336 3844 misisset.
357 3778 444 3863 Eg0,
463 3775 587 3862 inquit,
606 3778 672 3843 hac
688 3786 791 3845 nocte
804 3776 949 3864 expedio
965 3776 1106 3866 triginta
1122 3777 1259 3846 circiter
1280 3776 1411 3864 episto·

173 3894 239 3973 las,
258 3912 403 3977 quarum
421 3892 514 3959 nulla
529 3903 594 3974 est,
612 3914 714 3979 quarn
731 3894 838 3961 semel
857 3904 893 3959 et
908 3892 1033 3959 iterum
1048 3914 1118 3959 non
1134 3892 1409 3989 recognouerim3

174 4028 262 4094 quas
278 4017 394 4075 autern
410 4028 513 4074 manu
529 4029 606 4075 mea
622 4006 741 4093 scripsi
758 4018 794 4073 et
808 4007 959 4075 scrihere
969 4008 1074 4097 soleo
1094 4010 1137 4074 ad
1158 4006 1250 4074 viros
1271 4029 1410 4093 graues

172 4133 210 4190 et
226 4121 353 4208 quibus
367 4122 502 4191 deferre
518 4123 643 4203 debeb,
661 4122 713 4189 bis
730 4122 913 4209 aliquando
929 4145 970 4190 ac
987 4123 1090 4192 etiam
1112 4134 1163 4190 ter
1184 4122 1348 4210 rescribo,
1365 4147 1412 4193 ne

173 4243 377 4257 ——fflfl

230 4316 244 4341 ν·
281 4309 472 4372 sumpserunt
494 4300 629 4357 fecerunt
651 4319 708 4356 ms.
714 4319 725 4367 ;
744 4300 796 4356 sed
818 4301 906 4355 verbo
928 4310 1117 4374 sumpserunt
1141 4303 1258 4372 aliquot
1281 4301 1412 4359 lineolae

170 4388 437 4458 subducamur,
454 4390 541 4463 sorte
558 4394 592 4445 ut
608 4389 760 4445 indicetur
779 4389 859 4445 illud
875 4388 1100 4445 obliterandum
1118 4408 1189 4447 esse.
1226 4408 1278 4433 -1
1297 4400 1338 4451 et.
1376 4422 1411 4435 ·-

170 4495 185 4532 r
206 4478 317 4534 Exstat
327 4478 401 4535 haec
410 4479 555 4552 periodus
568 4483 639 4535 arata
647 4480 887 4551 praecedentem.
925 4494 972 4521 -τ
990 4496 1065 4559 (μω.ι

209 4632 234 4666 ¹⁰
271 4630 424 4703 Philippus
436 4633 554 4706 Nerius,
565 4630 804 4703 congregationis
817 4631 936 4687 oratorii
947 4630 1110 4703 institutor,
1120 4632 1171 4705 qui
1181 4648 1316 4689 unacum
1327 4634 1411 4704 lgna-

172 4720 218 4776 tio
231 4718 261 4775 in
275 4729 444 4777 sanctorum
457 4722 558 4777 album
571 4739 588 4777 a
602 4720 748 4793 Gregorio
761 4722 816 4775 XV
829 4721 941 4777 relatus
954 4729 1011 4778 est.
1311 4792 1313 4800 Ι

311 4816 413 4864 Morou.
428 4819 641 4866 Ionan-Sarrae
655 4819 702 4875 lv,
716 4830 774 4863 rou.
789 4818 801 4862 1
1248 4819 1277 4864 33
