3500 5367
368 441 551 495 Dicamus
569 436 602 493 S.
622 436 744 493 lenam
761 450 782 492 a
804 437 836 491 P.
856 437 1013 495 morem
1032 451 1199 495 cotenon
1310 441 1361 509 481
1422 518 1426 528 Ι

171 614 190 657 a
204 602 326 659 natura
340 590 522 673 efformati,
539 602 661 659 sancto
679 590 774 676 Patri
785 592 968 661 suaderent
984 591 1189 679 theologicis
1204 592 1327 661 studiis
1339 616 1402 681 ap-

171 704 356 793 plicandos,
372 727 590 794 nequaquam
607 707 642 773 id
658 705 822 793 permisit,
839 706 905 777 etsi
925 706 974 773 illi
988 707 1053 795 ipsi
1073 707 1141 775 iam
1160 708 1277 795 plures
1292 732 1401 777 annos

172 823 340 907 praeclare
355 822 594 889 concionando
609 820 820 909 exegissent,
837 824 900 891 sed
918 822 1059 890 omnino
1078 834 1185 892 totam
1206 846 1266 894 eos
1286 824 1401 912 philo-

172 937 321 1023 sophiam
333 938 451 1005 audire
463 936 575 1019 iussit3
589 960 634 1007 ne
646 948 760 1005 tamen
772 960 794 1005 a
805 938 1042 1005 concionando
1050 938 1268 1023 desisterent,
1278 950 1314 1007 et
1326 951 1399 1008 tum

171 1054 306 1122 demum
322 1053 516 1141 theologiae
530 1064 568 1120 vt
584 1074 722 1141 operam
738 1054 874 1134 darent,
897 1054 1082 1125 concessit.

234 1172 432 1237 Accusatus
454 1180 527 1239 erat
547 1180 689 1237 sanctus
717 1170 821 1237 Pater
843 1170 888 1236 ad
914 1170 1147 1256 praeparanda
1165 1184 1299 1238 mature
1318 1194 1394 1257 pro-

172 1268 273 1369 celliS,
291 1306 381 1371 quae
398 1284 559 1373 temporis
574 1306 737 1352 successu
752 1296 893 1371 possent
908 1306 1089 1372 exurgere,
1108 1288 1297 1369 obstacula3
1321 1288 1401 1355 ideo

171 1402 249 1468 dum
260 1400 507 1469 maledicorum
523 1423 584 1469 ora
599 1412 750 1489 nostram
764 1400 966 1487 impeterent
982 1400 1225 1484 innocentiam,
1239 1402 1399 1489 grauium

173 1516 320 1585 uirorum
341 1517 528 1605 colligebat
549 1516 743 1587 testimonia
758 1528 793 1585 et
813 1517 982 1584 asseruari
1002 1516 1186 1604 diligenter
1201 1519 1398 1600 mandabat,

172 1633 305 1719 quibus,
320 1633 350 1700 si
361 1656 448 1720 opus
459 1644 562 1714 esset,
577 1632 815 1701 occluderetur
830 1645 844 1672 ⁶
859 1652 899 1699 os
913 1632 1126 1718 loquentium
1140 1632 1269 1718 iniqua,
1283 1645 1319 1703 et
1334 1636 1401 1703 So·

171 1747 300 1816 cietatis
327 1769 617 1836 personarumque
636 1742 832 1834 integritas,
859 1746 963 1817 etiam
987 1747 1029 1814 iis
1049 1748 1208 1830 mortuis,
1235 1750 1401 1819 defende-

173 1874 274 1931 retur.

233 1982 331 2051 Nihil
347 1984 391 2048 ob
407 1984 577 2049 humanos
593 1990 770 2067 respectus
785 1991 845 2047 aut
861 1980 1008 2047 faciebat
1027 1992 1087 2047 aut
1108 1981 1300 2064 omittebat,
1318 1984 1402 2050 dum
1482 2010 1487 2034 .

172 2120 246 2184 spes
261 2097 424 2165 ‘maioris
439 2098 576 2166 diuinae
596 2097 841 2185 promerendae
859 2097 991 2183 gloriae
1005 2098 1199 2185 affulgeret.
1219 2099 1312 2179 Ide0,
1332 2121 1402 2166 non

171 2224 368 2302 exspectato
381 2215 449 2281 ullo
465 2212 628 2300 temporis
645 2212 803 2293 termin0,
818 2211 847 2279 si
859 2233 962 2297 quem
975 2212 1108 2281 uideret
1119 2236 1259 2283 vnume
1275 2215 1403 2281 nostris

172 2328 233 2396 alio
248 2330 284 2397 in
296 2332 374 2397 loco
389 2350 589 2396 mansurum
601 2327 729 2411 utilius,
743 2350 822 2395 eurn
839 2340 853 2377 ¹
868 2328 912 2395 ad
928 2328 1023 2395 illum
1037 2330 1276 2397 transferebat.
1294 2330 1400 2411 Hinc,

150 2446 234 2517 .etsi
244 2468 317 2513 non
334 2468 411 2512 raro
430 2443 487 2511 uix
499 2465 588 2512 vnus
600 2456 660 2511 aut
676 2444 761 2511 altor
777 2464 926 2531 magnus
937 2443 1137 2535 operar[i]us
1153 2446 1281 2512 Romae
1298 2458 1402 2525 esset,

173 2582 309 2647 quoque
323 2559 507 2646 collegium
524 2578 640 2626 carere
660 2579 730 2624 non
747 2578 846 2644 posse
864 2557 1050 2638 uideretur,
1072 2579 1152 2625 eum
1173 2558 1240 2625 alio
1262 2560 1404 2646 ablega-

172 2677 239 2760 bar,
257 2675 319 2742 ubi
335 2674 454 2742 maiori
471 2696 550 2741 cum
563 2676 677 2741 fructu
694 2694 773 2739 eum
794 2694 992 2739 mansurum
1008 2674 1150 2754 sciebat;
1168 2696 1273 2761 aegre
1289 2684 1417 2741 autem

173 2792 363 2860 ferentibus
383 2774 457 2857 aliis
477 2790 630 2858 dicebat:
653 2786 735 2875 quid
756 2788 915 2857 faceretis
934 2786 964 2855 si
984 2788 1014 2855 is
1033 2788 1100 2855 iam
1122 2800 1213 2858 esset
1233 2794 1406 2857 mortuus.i

174 2918 345 2975 mortuum
366 2928 503 2993 quoque
522 2904 725 2986 existimate,
755 2915 790 2975 et
817 2925 862 2971 ne
888 2905 1272 2973 doleatis'translatum.
1303 2908 1406 2974 Hanc

172 3021 273 3095 etiam
289 3024 336 3089 ob
348 3044 486 3089 causam
498 3022 682 3108 quendam,
697 3040 758 3107 pro
774 3019 972 3089 coadiutore
983 3031 1194 3107 susceptum,
1213 3043 1293 3089 curn
1304 3043 1402 3108 prae·

175 3140 264 3209 clare
279 3149 436 3207 cerneret
450 3160 529 3205 eum
546 3159 622 3206 esse
642 3137 684 3204 ad
701 3134 974 3203 concionandum
991 3147 1121 3222 aptum,
1140 3138 1185 3203 ad
1199 3136 1312 3203 studia
1324 3159 1405 3225 pro-

172 3254 289 3322 movit.
992 3321 994 3326 ,
1020 3251 1023 3256 ’
1161 3259 1163 3262 ’

236 3372 337 3440 Sicut
354 3370 477 3457 ipsein
498 3368 724 3438 decernendis
751 3369 855 3435 rebus
874 3388 944 3433 non
972 3370 1132 3434 affectum
1159 3370 1220 3435 ssd
1237 3369 1405 3440 rationem

171 3488 293 3554 ducem
310 3488 530 3571 sequebatur,
549 3485 596 3551 ita
611 3487 677 3551 hoc
690 3483 800 3570 ipsum
817 3484 861 3551 ab
878 3482 953 3550 aliis
964 3483 1095 3564 seruari
1108 3485 1258 3567 uolebat,
1271 3496 1307 3551 et
1320 3486 1405 3553 nihil

172 3612 299 3671 temere
319 3624 360 3669 ac
375 3602 449 3670 sine
469 3622 573 3668 causa
590 3600 662 3668 fieri
683 3612 719 3668 et
734 3599 843 3669 ueluti
865 3620 910 3665 err
936 3599 1117 3667 occasione
1145 3612 1290 3683 tantum3
1308 3600 1405 3670 ideo-

169 3738 249 3802 que,
267 3724 452 3803 antequam
465 3716 651 3803 quidquam
664 3715 897 3796 inchoaretur,
911 3717 1026 3781 omnia
1038 3714 1222 3803 diligenter
1237 3741 1313 3787 esse
1324 3740 1405 3806 per-

172 3835 364 3920 pendenda,
382 3845 417 3903 et
433 3832 537 3903 tum¹²
556 3834 707 3913 demum,
726 3830 858 3901 etiamsi
875 3830 969 3899 nulla
984 3854 1078 3900 sesse
1093 3834 1232 3901 offerret
1252 3835 1401 3915 occasi0,

174 3970 242 4016 rem
259 3950 494 4017 inchoandam
508 3958 542 4018 et
558 3948 741 4035 diligenter
756 3948 995 4015 deducendam
1011 3968 1121 4034 vsque
1136 3952 1180 4016 ad
1194 3950 1311 4020 finem.

239 4068 351 4153 Saepe
365 4066 501 4133 dicebat
516 4086 589 4149 eos,
611 4064 670 4150 qui
687 4062 865 4131 nobilitate
885 4062 1025 4149 generis
1046 4075 1082 4132 et
1104 4067 1405 4137 commendatione

172 4180 347 4251 doctrinae
363 4193 422 4249 aut
442 4180 573 4269 ingenii
593 4182 814 4261 excellerent,
836 4199 913 4245 esse
929 4200 1011 4265 prae
1033 4179 1178 4248 caeteris
1193 4183 1403 4252 mortifican—

172 4298 247 4379 dos3
265 4299 359 4383 quod
373 4298 422 4378 hi,
440 4298 469 4365 si
484 4296 725 4384 abnegationis
740 4294 907 4364 exercitio
923 4294 1171 4378 detinerentur,
1190 4299 1338 4366 multum
1349 4299 1404 4365 di-

174 4412 274 4481 uinae
292 4415 534 4501 propagandae
550 4412 681 4500 gloriae
697 4424 812 4481 essent
840 4411 1023 4498 profuturi,
1052 4433 1154 4479 secus
1181 4414 1281 4482 valde
1301 4417 1403 4481 obfu-

176 4528 373 4539 ——--

209 4588 239 4635 ,ιο
258 4573 501 4630 occludendims.
551 4575 598 4617 -s
613 4572 683 4628 dum
697 4572 812 4645 species
825 4590 881 4627 ms.
931 4588 982 4627 -s
1001 4570 1102 4628 vtilius
1114 4572 1184 4628 dum
1198 4592 1254 4629 ms.
1304 4578 1404 4631 —het

174 4662 243 4719 dum
257 4665 329 4721 nu(

310 4760 416 4807 Morou.
432 4760 646 4807 Ionan-snam
657 4760 705 4818 lv,
719 4771 770 4806 rou
1242 4762 1268 4807 ³1
