3500 5367
373 513 377 521 '
437 511 657 567 Ponnnrrrn
677 520 864 575 outnusumr
880 520 983 565 sucus
999 521 1148 565 rurosrrn
1320 522 1375 581 575

173 664 281 745 Forli,
298 676 334 731 et
350 684 455 731 ancor
472 662 554 729 uiue
569 664 595 729 ¹.
614 664 658 729 Et
673 662 770 728 suole
786 682 853 728 con
869 662 977 728 molta
991 662 1187 749 giocondita
1209 675 1413 735 raccontare

171 804 194 847 a
211 779 340 849 diuersi
356 790 478 865 questa
498 800 561 847 sua
577 779 687 859 burla,
706 779 979 846 commendando
994 778 1030 842 in
1045 777 1100 844 eid
1115 780 1148 845 la
1163 781 1339 864 prudenza
1353 780 1411 848 del

176 900 218 963 P.
237 896 386 983 Ignati0,
408 897 474 964 che
494 897 642 964 'nauesse
663 893 828 961 ritrouato
847 916 897 960 un
917 892 1050 981 castigo
1071 894 1100 960 si
1121 893 1310 979 piaceuole,
1328 918 1410 983 pro·

173 1011 372 1099 portionato
400 1013 467 1079 alla
482 1012 582 1097 colpa
597 1022 633 1078 et
648 1008 702 1077 all'
718 1009 773 1077 etri
790 1007 824 1076 di
840 1008 1016 1091 fanciullo,
1034 1020 1069 1076 et
1085 1013 1195 1078 anche
1210 1010 1240 1077 si
1255 1012 1407 1094 efficace;

172 1128 405 1195 confessando
421 1126 491 1213 egli
506 1129 573 1194 che
589 1125 624 1193 di
644 1125 669 1193 lt
687 1124 722 1192 in
738 1125 794 1211 poi
811 1147 872 1210 per
889 1135 980 1191 tutto
1002 1124 1026 1191 il
1041 1135 1193 1193 restante
1208 1124 1243 1192 di
1259 1149 1322 1194 sua
1338 1126 1411 1195 uita

174 1266 247 1309 non
264 1245 379 1309 hebbe
391 1243 502 1310 ardire
514 1241 549 1307 di
565 1240 619 1308 dir
634 1240 694 1328 piri
710 1240 798 1308 simil
810 1241 939 1327 parola.
954 1241 1067 1308 Tanto
1079 1242 1220 1310 horrore
1236 1265 1280 1311 ne
1293 1264 1411 1329 presse

147 1360 152 1368 '
172 1360 233 1425 dal
251 1358 385 1426 uedersi
402 1360 515 1443 quella
531 1357 641 1425 bestia
656 1356 793 1423 intorno
808 1358 841 1423 al
857 1357 964 1442 petto!

247 1477 354 1542 Tutto
377 1485 500 1559 questo
524 1473 583 1540 udi
605 1473 685 1540 dall'
710 1472 832 1539 istesso
851 1473 1122 1541 anlessandro
1146 1473 1169 1538 il
1194 1477 1234 1540 P.
1253 1474 1411 1543 Gioseffo

175 1576 325 1671 Blondo‚
343 1590 399 1655 dal
416 1588 516 1675 quale
532 1589 566 1655 io
581 1588 638 1675 poi
653 1587 794 1658 l'intesi.
832 1610 836 1617 ’

920 1706 976 1793 J0.
995 1706 1095 1772 llnt.s
1111 1707 1233 1773 Valtr.⁸

771 1876 822 1956 28

178 2008 504 2077 POENITENTIA
521 2007 802 2093 QUIBUSDAM
823 2008 972 2077 SOCIIS
989 2010 1208 2077 COLLEGII
1225 2010 1412 2078 ROMANI

566 2144 613 2189 nn
637 2142 790 2190 rosano
814 2144 989 2193 rneosmn
1015 2126 1024 2158 ¹

249 2287 281 2353 A
294 2286 330 2352 dl
348 2302 392 2373 29
408 2284 450 2351 de
467 2282 588 2370 Aprile
607 2284 703 2367 1556.

247 2401 357 2468 Diede
384 2402 429 2467 N.
464 2402 505 2465 P.
536 2402 638 2467 Mtro.
670 2398 819 2485 Ignati0,
849 2400 961 2467 Padre
988 2411 1023 2468 et
1049 2400 1223 2487 preposito
1248 2404 1413 2487 generale

174 2518 270 2586 della
286 2513 500 2603 Compagnia
515 2515 550 2581 di
562 2516 657 2603 Jesd,
677 2536 745 2581 una
760 2515 950 2601 penitentia
966 2518 997 2581 al
1014 2530 1126 2583 rector
1137 2516 1194 2583 del
1214 2517 1363 2605 collegio
1378 2517 1413 2583 di

175 2634 276 2699 detta
300 2630 514 2717 Compagnia
540 2630 576 2695 in
603 2633 723 2709 Roma,
754 2653 813 2717 per
840 2652 942 2697 nome
957 2624 1173 2699 -Sebas'tiano
1196 2626 1328 2716 Rumei,
1346 2635 1414 2701 che

180 2750 342 2835 leggesse
360 2768 428 2812 una
444 2746 537 2811 uolta
554 2744 672 2812 auanti
689 2746 711 2811 il
727 2768 853 2832 pranzo
868 2756 904 2814 et
919 2747 1007 2813 altra
1027 2747 1144 2822 auanti
1166 2749 1198 2814 la
1219 2769 1305 2814 cena
1324 2759 1414 2815 tutte

181 2865 214 2932 le
229 2864 348 2950 regole
363 2863 418 2931 del
435 2864 531 2929 detto
548 2861 706 2947 collegio,
725 2875 759 2930 et
776 2862 893 2929 auanti
909 2862 942 2929 di
960 2864 1088 2930 andare
1104 2887 1125 2929 a
1144 2863 1321 2951 mangiare
1338 2864 1414 2930 aui-

177 3000 258 3047 sase
274 3002 294 3045 a
309 2981 344 3045 lo
355 2976 530 3063 superiore
546 2976 602 3044 del
617 2978 714 3043 detto
728 2978 887 3063 collegio,
912 2980 952 3044 P.
972 2980 1096 3058 Olane,
1119 2990 1153 3044 et
1171 2981 1202 3045 al
1217 2978 1412 3066 mini[stro]‚

182 3116 243 3182 per
259 3116 360 3161 nome
377 3096 551 3160 Thomaso
567 3093 578 3125 ³
593 3092 876 3178 nouiomagense,
891 3094 956 3160 che
968 3092 1016 3158 lui
1032 3094 1163 3183 [havea]
1179 3094 1265 3160 letto
1274 3095 1307 3163 le
1319 3096 1415 3163 dette

181 3210 311 3296 regole.
333 3212 375 3275 Et
398 3208 515 3295 obligo
536 3208 639 3276 etiam
657 3219 772 3274 nostro
803 3207 939 3299 [Padre]
967 3209 991 3274 il
1009 3212 1048 3275 P.
1068 3210 1181 3277 Olane
1200 3223 1236 3277 et
1259 3210 1417 3277 ministro

175 3331 245 3393 che
261 3337 435 3393 tenessero
456 3322 657 3414 uiglilunltia
679 3346 780 3409 sopra
808 3326 863 3392 del
882 3326 978 3391 detto
999 3337 1144 3404 rectore,
1167 3348 1205 3393 se
1229 3330 1415 3395 manchase

176 3442 327 3531 al[cuna]
347 3443 443 3507 uolta
460 3442 503 3507 de
520 3439 671 3521 auisarli,
689 3442 755 3507 che
771 3440 885 3506 subito
901 3440 1074 3507 auisasino
1088 3441 1110 3506 il
1122 3440 1297 3533 sin[dico,]
1313 3444 1414 3528 quale

180 3582 240 3626 era
255 3556 429 3625 Giovanni
446 3558 556 3638 Colla,
574 3556 761 3637 calabrese,
780 3566 814 3620 et
831 3554 853 3621 il
870 3555 1027 3642 sin[dieol
1041 3556 1157 3623 subito
1171 3558 1203 3623 al
1215 3570 1333 3624 nostro
1346 3560 1416 3625 Pa-

236 3842 248 3870 *
287 3837 357 3890 «Fr.
375 3833 545 3889 Alexander
559 3832 595 3886 de
613 3832 811 3903 Francischis,
824 3834 985 3905 Romanus,
1002 3850 1113 3903 genere
1127 3836 1293 3905 Hebraeus,
1312 3854 1419 3907 cogno-

185 3934 287 3982 mento
301 3923 498 3990 Hebraeinus,
513 3940 550 3975 ex
563 3921 676 3979 Ordine
694 3921 933 3977 Praedicatorum
950 3924 1077 3978 celebris
1093 3923 1292 3997 concionator,
1307 3928 1419 3981 schola·

180 4017 326 4087 sucisque
340 4012 503 4085 disciplinis
518 4014 605 4081 longe
618 4010 846 4081 cultissimus‚...
861 4012 1073 4068 ForoliViensis
1086 4014 1249 4086 Episcopus
1261 4013 1358 4070 dictus
1372 4024 1419 4070 est

183 4122 261 4161 anno
277 4117 355 4172 1594.
369 4103 417 4158 die
431 4118 458 4170 4.
475 4100 584 4155 mensis
598 4100 678 4169 Maji.
692 4100 766 4154 Tres
780 4117 872 4155 annos
887 4100 978 4171 sedit,
1000 4103 1156 4174 libensque
1178 4103 1272 4175 quieti
1285 4104 1419 4159 intentus

180 4212 220 4249 eo
234 4211 356 4249 munere
368 4209 401 4247 se
414 4190 563 4246 abdicavit
576 4188 613 4243 ad
625 4188 779 4244 arbitrium
792 4188 925 4260 ejusdem
939 4190 1114 4261 Clementis,
1128 4208 1145 4245 a
1157 4207 1216 4263 quo
1226 4209 1262 4245 ea
1271 4192 1418 4262 dignitate

184 4284 280 4339 fuerat
290 4280 478 4351 insignitus.»
492 4282 680 4346 Uulturnum,
695 4278 789 4333 Italia
799 4296 898 4345 sacru,
915 4289 937 4335 t.
952 4281 989 4350 11,
1004 4282 1061 4335 col.
1076 4280 1138 4350 587.

238 4374 245 4405 ¹
284 4374 328 4427 Ex
342 4372 519 4442 apographo,
534 4368 563 4423 in
576 4366 648 4423 Cod.
661 4369 748 4422 Rom.
764 4368 783 4421 I
783 4368 806 4432 I,
817 4386 847 4423 n.
861 4368 942 4424 XIII.
955 4370 1041 4440 Quae
1054 4369 1170 4425 uncinis
1183 4371 1371 4439 clauduntur,
1383 4390 1419 4427 ea

183 4480 237 4519 nos
250 4461 427 4531 addidimus,
446 4467 561 4515 attento
583 4457 765 4513 diversarum
788 4456 976 4529 periodorum
996 4468 1151 4526 contextu,
1171 4459 1208 4513 ad
1221 4462 1419 4531 supplendum

182 4553 368 4622 siugulorum
386 4566 526 4605 versuum
541 4556 719 4619 postremam
732 4554 857 4618 partem,
870 4564 947 4619 quae
959 4547 1113 4603 decurtata
1126 4547 1195 4619 fnit,
1209 4547 1284 4602 forte
1302 4549 1371 4603 dum
1387 4551 1421 4605 li-

182 4650 274 4713 gatus
287 4639 344 4695 fuit
355 4639 461 4695 codex.

241 4736 252 4765 ²
290 4731 324 4784 P.
338 4730 467 4784 Thomas
482 4728 638 4783 Lentulus.
