3500 5367
412 432 465 499 480
580 456 583 461 ·
790 432 998 489 Mouuuuurr
1017 430 1196 485 lunarum

375 582 558 677 decretista
581 604 692 668 aequo
713 583 826 651 animo
847 584 965 665 ferret,
990 583 1019 649 si
1042 583 1085 649 de
1109 565 1184 650 eius
1208 604 1347 667 quoque
1369 585 1467 651 rebus
1486 582 1572 667 aliqua

374 699 512 765 decreta
528 698 575 769 illi
592 700 793 784 exequenda
810 709 1019 767 statuantur.

441 815 576 881 lverant
592 836 635 883 ex
651 815 799 901 collegio
816 836 957 880 romano
973 815 1095 881 frattres
1111 814 1263 900 quidam,
1282 833 1302 898 7
1322 814 1428 881 Vrbis
1439 814 1572 883 ecclesias

373 928 556 1012 uisitaturi,
583 931 740 1017 ideoque,
764 952 843 996 cunr
864 929 1005 995 domum
1033 928 1178 995 redituri
1206 952 1274 996 non
1300 942 1418 999 essent
1436 931 1477 997 ad
1495 929 1571 996 meri·

373 1046 475 1127 diem,
498 1046 723 1133 impetrarunt
740 1046 865 1131 aliqua,
884 1066 973 1131 quae
988 1046 1237 1114 commedendo
1257 1069 1296 1113 ac
1319 1047 1465 1114 bibendo
1484 1045 1572 1111 initi-

373 1184 454 1231 nere
471 1182 598 1248 corpus
614 1163 806 1231 reficerent.
825 1164 903 1228 Hoc
919 1170 1100 1247 postquam
1116 1161 1225 1227 audiit
1240 1172 1381 1229 sanctus
1398 1163 1501 1243 Pater,
1519 1182 1570 1225 non

374 1286 505 1344 tanturn
529 1278 690 1344 fratribus
713 1276 791 1357 illis,
814 1279 875 1343 sed
896 1287 931 1345 et
951 1276 1187 1360 subministr0,
1204 1288 1240 1345 et
1262 1276 1430 1356 ministr0,
1446 1288 1479 1343 et
1498 1275 1569 1343 Patri

372 1392 495 1460 rectori
512 1416 552 1460 ae
567 1393 754 1460 collaterali
769 1392 844 1460 eius
859 1414 1004 1479 poenam
1021 1391 1180 1459 iniunxit.
1204 1394 1275 1462 Sed
1295 1415 1376 1460 cum
1397 1404 1501 1462 rector
1516 1394 1527 1427 ⁸
1542 1414 1570 1457 se

371 1520 550 1578 excusaret
566 1511 658 1594 quod
673 1510 788 1576 adhuc
808 1530 921 1575 nouus
941 1520 976 1574 et
997 1508 1104 1575 veluti
1126 1511 1254 1595 hospes
1274 1531 1316 1576 eo
1338 1509 1374 1575 in
1396 1510 1468 1576 loco
1487 1518 1568 1585 esset,

370 1624 486 1693 reiecit
513 1625 782 1705 excusationem,
805 1624 960 1709 dixitque
980 1625 1123 1693 rectoris
1145 1646 1220 1693 esse
1241 1626 1404 1706 officium,
1426 1625 1454 1692 si
1471 1644 1569 1711 prauus

369 1740 522 1810 inueniat
538 1740 574 1806 in
590 1762 653 1807 suo
669 1739 815 1827 collegio
831 1740 1109 1821 consuetudines
1127 1743 1170 1808 ad
1185 1740 1396 1828 superiorem
1408 1762 1567 1814 recurrere,

368 1879 411 1923 ne
427 1857 510 1923 dum
526 1879 615 1923 vnus
630 1856 791 1923 connivet
811 1867 846 1925 et
861 1857 959 1936 alter,
978 1878 1053 1922 mos
1073 1867 1223 1924 transeat
1246 1857 1281 1924 in
1302 1858 1428 1943 legem,
1449 1868 1481 1924 et
1497 1854 1567 1939 quod

369 1972 466 2038 initio
489 1970 588 2040 facile
609 1971 737 2041 aboleri
757 1984 905 2057 poterat,
927 1970 1152 2039 diuturnitate
1178 1972 1343 2059 temporis
1363 1983 1398 2041 et
1417 1971 1567 2041 iteratione

370 2088 483 2173 operis
499 2087 747 2157 irremediabile
763 2088 938 2155 reddatur.

434 2203 658 2271 Permittebat
674 2214 814 2270 sanctus
835 2204 937 2271 Pater
953 2203 1136 2273 Societatis
1155 2203 1251 2269 initio
1271 2214 1309 2269 vt
1331 2204 1465 2290 publice
1481 2202 1566 2270 nostri

366 2341 427 2405 per
444 2320 572 2387 Vrbem
588 2319 748 2405 expansis
764 2319 872 2386 saccis
888 2341 950 2405 pro
961 2320 1063 2385 domo
1075 2320 1230 2405 professa
1241 2319 1364 2405 stipem
1377 2331 1564 2405 quaererent,

366 2455 436 2518 quo
458 2432 574 2501 cuncti
598 2434 769 2501 discerent
790 2456 865 2501 earn
886 2435 1025 2501 domum
1047 2434 1273 2520 eleemosynis
1292 2435 1434 2501 aliorum
1454 2445 1565 2501 susten·

366 2550 441 2616 tari.
462 2551 608 2617 Nolebat
629 2561 742 2617 tamen
766 2550 800 2617 id
820 2550 997 2618 obseruari
1016 2548 1258 2637 imposterum,
1281 2551 1344 2619 sed
1364 2551 1459 2619 aliam
1479 2553 1564 2616 hone

301 2724 307 2737 .
364 2665 504 2733 stiorem
519 2641 685 2733 lationem
703 2665 780 2732 iniri
800 2665 981 2753 religiosae
997 2666 1270 2746 mendicationis,
1287 2666 1455 2734 diuersam
1469 2690 1488 2732 a
1503 2686 1564 2732 cae-

364 2782 446 2848 teris
462 2780 699 2869 religiosorum
716 2758 862 2848 familiis.

431 2899 519 2963 Cum
532 2900 572 2964 P.
589 2895 810 2965 Hieronimus
822 2896 966 2977 Natalis,
980 2895 1126 2964 visitatis
1142 2896 1330 2982 Hispaniae
1345 2896 1564 2984 prouinciis,in

362 3012 472 3097 iisque
499 3034 662 3081 concessa
686 3035 752 3079 vna
776 3034 816 3079 ac
838 3010 979 3078 dimidia
1001 3012 1044 3078 ad
1066 3010 1298 3079 meditandum
1324 3012 1471 3097 quotidie
1487 3015 1562 3087 hora,

362 3130 504 3196 Romam
523 3151 693 3209 reuersus,
712 3138 830 3195 sancto
852 3127 947 3193 Patri
962 3128 1132 3208 svaderet,
1150 3125 1292 3213 indigne
1313 3139 1348 3197 et
1369 3130 1490 3196 factum
1507 3127 1564 3194 eius

362 3256 397 3309 et
424 3244 605 3311 consilium
634 3244 723 3324 tulit,
752 3244 871 3311 dicens
897 3264 1001 3309 vnam
1028 3253 1082 3309 sat
1109 3243 1245 3309 abunde
1273 3245 1347 3311 fore
1377 3240 1563 3311 scholasticis

361 3359 487 3427 diuinis
508 3358 724 3439 meditandis
741 3358 929 3425 dummodo
948 3359 1053 3443 (quod
1074 3359 1288 3444 supponebat
1307 3356 1344 3424 in
1365 3358 1513 3426 omnibus
1530 3376 1563 3423 ex

361 3474 531 3543 nouitiatu
547 3465 751 3560 ad'collegia
765 3474 948 3560 translatis)
968 3472 1162 3540 mortificati
1178 3484 1293 3542 essent
1309 3487 1398 3543 etse
1415 3450 1563 3559 abnegare

361 3592 500 3672 scirent3
532 3591 616 3657 tales
639 3590 730 3658 enim
757 3588 858 3657 vnius
880 3589 1080 3675 quadrantis
1100 3588 1321 3659 meditatione
1341 3592 1416 3676 plus
1434 3586 1560 3673 assequi,

361 3728 461 3791 quarn
478 3706 533 3772 alii
550 3707 695 3773 duarum
711 3708 885 3773 horarum.
905 3704 1009 3790 Quod
1025 3704 1053 3771 si
1071 3702 1219 3771 alicuius
1233 3705 1415 3791 peculiaris
1432 3700 1562 3772 necessi«

360 3832 412 3889 tas
426 3820 616 3908 longiorem
634 3821 889 3889 meditationem
906 3831 1119 3906 exposceret,
1139 3832 1222 3887 tunc
1238 3831 1371 3887 tantum
1388 3820 1527 3907 longiora
1535 3815 1561 3883 ei

360 3948 515 4024 tempora
530 3937 648 4005 orandi
664 3936 891 4023 permittenda
906 3957 994 4003 esse.
1115 3932 1124 3945 ’

425 4056 461 4120 ln
478 4054 581 4122 rebus
597 4054 641 4119 ad
656 4053 829 4119 literarum
845 4051 958 4118 studia
973 4052 1223 4137 pertinentibus
1242 4064 1315 4121 erat
1334 4050 1559 4125 exactissimus,

350 4171 529 4254 'dabatque
545 4190 695 4254 operam,
713 4180 750 4233 vt
766 4167 801 4234 in
818 4167 1076 4235 humanioribus
1096 4166 1219 4235 studiis
1241 4169 1349 4236 solida
1369 4168 1471 4237 nostri
1484 4166 1560 4232 iaoe·

359 4296 434 4351 rent
445 4287 680 4367 fundamenta,
695 4282 893 4370 praesertim
904 4282 940 4348 in
953 4283 1090 4369 linguae
1101 4282 1227 4351 latinae
1238 4284 1398 4370 puritate.
1412 4285 1485 4352 ldeo
1495 4298 1560 4347 cum

355 4402 550 4482 nonnullos,
569 4399 628 4485 qui
644 4398 802 4465 omnibus
819 4400 861 4465 ad
879 4398 1153 4467 concionandum
1166 4398 1373 4469 uidebantur
1388 4422 1462 4469 cum
1476 4396 1560 4465 laude

358 4556 565 4574 *ocu

406 4654 418 4685 ‘⁸
455 4650 542 4705 Pater
555 4650 747 4706 Sebastianus
761 4650 918 4705 Romaeus.
933 4650 1121 4717 Memorare,
1136 4668 1204 4724 pag.
1221 4665 1284 4725 259,
1298 4671 1328 4709 n.
1343 4654 1407 4711 216.
