3500 5367
429 486 583 542 Csusunn
603 486 636 541 P.
658 486 810 540 Mannum
827 498 858 539 m
879 498 981 544 rursu
1000 485 1030 540 S.
1052 485 1174 541 Iouam
1328 500 1381 557 721

181 645 227 706 P.
250 644 354 709 Petro
375 637 528 718 Canisio,
551 639 734 704 notabatur
755 638 848 721 quod
870 637 970 703 nimis
999 638 1106 705 multa
1128 638 1290 708 historiae
1313 639 1419 707 inter-

181 767 277 823 serta
294 765 422 834 essent,
441 777 462 820 a
476 753 547 819 vita
564 755 604 820 B.
625 756 665 819 P.
685 754 729 820 N.
753 753 877 838 Ignatii
898 765 1058 838 suscepta
1079 753 1201 822 aliena.
1225 757 1323 838 Item,
1349 779 1418 823 non

182 874 397 957 probabatur
412 871 505 954 quod
521 881 590 934 tam
607 870 791 934 multorum
812 867 1036 955 collegiorum
1054 869 1149 936 initia
1165 882 1199 936 et
1215 892 1419 958 progressus

179 987 471 1054 describerentur.
499 985 693 1053 Notabatur
711 985 873 1068 denique,
899 987 991 1069 quod
1015 1000 1114 1052 autor
1141 986 1315 1055 videretur
1341 991 1419 1073 plus

179 1124 297 1189 aequo
311 1102 495 1168 indulsisse
510 1100 648 1168 affectui
664 1122 748 1186 erga
764 1100 1009 1186 Hispaniarum
1027 1102 1173 1189 collegia
1189 1116 1223 1172 et
1240 1125 1414 1189 personas

252 1221 291 1285 ln
307 1218 414 1285 latina
430 1239 532 1302 porro
551 1216 701 1284 editione
717 1227 889 1302 postrema
903 1218 984 1284 anni
1011 1221 1107 1302 1587,
1130 1231 1165 1287 et
1187 1220 1221 1284 in
1241 1219 1419 1307 hispanica

180 1335 267 1401 anni
287 1350 384 1423 1595,
402 1335 510 1400 multo
532 1334 628 1419 plura
644 1347 726 1400 sunt
746 1334 891 1419 adjecta,
914 1357 1003 1419 quae
1024 1334 1184 1402 videntur
1204 1337 1418 1402 commodius

179 1451 289 1519 inseri
312 1472 425 1536 posse,
448 1449 563 1535 aliqua
582 1447 720 1533 quidem
747 1449 909 1517 historiae
934 1452 1107 1517 communi
1131 1450 1326 1534 Societatis,
1351 1454 1416 1520 alia

180 1587 268 1634 vero
283 1566 386 1632 alicui
402 1563 593 1651 apologiae,
612 1565 667 1630 vel
687 1564 794 1649 operi,
812 1586 881 1649 quo
898 1565 1078 1634 Societatis
1094 1565 1290 1633 institutum
1307 1567 1416 1653 expli-

179 1693 296 1750 cetur.

252 1800 292 1864 L.
312 1816 345 1876 2,
363 1820 394 1863 c.
414 1816 447 1879 4,
465 1796 601 1876 dicitur,
621 1797 713 1880 quod
729 1799 770 1864 B.
793 1797 833 1861 P.
858 1799 902 1862 N.
926 1817 1003 1863 cum
1028 1821 1088 1864 sex
1112 1797 1218 1864 sociis
1241 1798 1276 1864 in
1301 1812 1416 1865 monte

180 1919 375 1998 Martyrum
395 1911 614 1978 obstrinxerit
635 1932 674 1978 se
695 1911 784 1978 votis
805 1913 1013 1998 paupertatis
1033 1915 1075 1978 ad
1103 1913 1300 1980 condictum
1324 1914 1414 1980 diem

178 2029 427 2107 instituendae,
446 2049 581 2095 necnon
602 2039 637 2094 et
657 2026 747 2094 votis
770 2028 1101 2113 hyerosolymitanae
1129 2011 1351 2114 profectionis
1381 2045 1416 2095 et

178 2144 399 2212 obedientiae
415 2144 639 2228 praestandae
655 2141 726 2208 sedi
750 2143 956 2229 apostolicae
979 2144 1072 2210 circa
1093 2143 1284 2214 missiones.
1308 2147 1416 2230 Atqui

183 2265 290 2330 Pater
306 2262 431 2329 Petrus
451 2262 573 2340 Faber,
598 2281 687 2325 unus
707 2283 750 2328 ex
772 2270 904 2346 septem
925 2259 1002 2338 illis,
1028 2261 1164 2344 reliquit
1192 2261 1356 2346 scriptum
1381 2261 1415 2326 in

180 2397 248 2443 suo
263 2375 381 2443 Diario
400 2391 434 2441 et
454 2375 675 2443 devotionum
697 2375 797 2455 libro,
820 2376 913 2459 quod
937 2375 991 2442 die
1016 2375 1272 2462 Assumptionis
1295 2377 1415 2445 beatae

181 2491 339 2577 Virginis
365 2491 572 2558 contulerint
599 2513 637 2558 se
663 2502 794 2576 septem
822 2493 864 2557 ad
890 2493 926 2559 S.
960 2492 1099 2558 Mariam
1127 2491 1163 2556 in
1187 2491 1339 2576 Campis,
1366 2492 1415 2558 sic

181 2621 422 2693 nuncupatum
439 2609 602 2693 templum
617 2607 654 2672 in
671 2607 844 2673 suburbiis
865 2607 1108 2692 parisiensibus
1132 2609 1169 2674 S.
1194 2608 1359 2674 Germani
1380 2622 1415 2672 et

181 2728 220 2792 S.
241 2723 406 2804 Marcelli,
424 2735 459 2790 et
471 2723 609 2802 ibidem,
623 2735 701 2808 post
713 2744 845 2790 sacram
861 2723 1149 2802 communionem,
1166 2734 1283 2789 votum
1296 2743 1416 2792 omnes

181 2854 218 2906 et
234 2840 390 2926 singulos
407 2839 528 2907 fecisse
546 2860 688 2925 peregre
709 2838 948 2924 proficiscendi
964 2838 1239 2928 Hierosolymam
1263 2849 1414 2924 tempore

181 2957 379 3036 statuendo,
396 2967 431 3022 et
448 2967 524 3040 post
540 2954 685 3021 reditum
702 2954 857 3023 tradendi
874 2977 912 3021 se
923 2977 1059 3022 summo
1073 2954 1226 3041 pontifici
1241 2975 1321 3020 cum
1336 2970 1415 3020 voro

181 3071 442 3156 eiobsequendi
458 3070 492 3135 in
509 3070 670 3136 omnibus
683 3070 737 3150 iis,
755 3091 843 3155 quae
859 3073 903 3136 ad
920 3070 1098 3136 missiones
1110 3069 1295 3156 pertinent:
1310 3079 1414 3154 atque

182 3192 249 3253 hoc
264 3199 382 3252 votum
399 3187 537 3252 duobus
557 3184 656 3251 annis
676 3185 950 3270 insequentibus,
972 3185 1097 3271 quibus
1121 3195 1322 3254 manserunt
1342 3187 1413 3252 Lu-

182 3302 299 3382 tetiae,
325 3303 446 3370 eodem
473 3301 529 3369 die
549 3312 583 3369 et
606 3303 681 3368 loco
700 3323 885 3370 renovasse
909 3323 1036 3388 magno
1060 3323 1163 3369 sensu
1188 3313 1223 3368 et
1247 3301 1412 3388 spirituali

181 3418 323 3501 gaudio.
341 3420 447 3484 Erant
463 3428 590 3498 autem,
609 3429 648 3483 ut
664 3418 753 3486 idem
772 3420 874 3485 Pater
887 3419 997 3486 Faber
1012 3418 1162 3503 scripsit,
1178 3419 1298 3485 Patres
1310 3420 1411 3504 lgna-

182 3535 263 3613 tius,
284 3534 488 3600 Franciscus
503 3533 643 3617 Xavier,
663 3535 787 3599 Petrus
807 3536 930 3615 Faber,
954 3533 1116 3600 Nicolaus
1145 3533 1334 3613 Bobadilla,
1353 3537 1413 3621 Ja-

180 3650 290 3716 cobus
311 3651 461 3735 Laynez,
485 3650 683 3733 Alphonsus
704 3650 898 3731 Salmeron,
922 3650 1039 3717 Simon
1061 3648 1269 3735 Rodriguez:
1294 3649 1412 3733 reliqui

181 3780 252 3834 tres
268 3767 419 3831 nondum
436 3786 560 3832 nomen
577 3765 742 3831 dederant
758 3764 935 3833 Societati.
954 3765 1024 3832 Sed
1039 3776 1214 3850 postremo
1225 3787 1329 3846 anno,
1343 3786 1415 3849 quo

181 3881 345 3949 videlicet
362 3879 499 3948 Lutetia
514 3879 759 3961 discesserunt,
778 3880 859 3946 huic
880 3879 1111 3948 interfuerunt
1130 3879 1321 3947 celebritati
1343 3883 1412 3948 Pa-

179 4009 252 4063 tres
269 3996 566 4085 ClaudiusJayuS,
580 3999 732 4085 Joannes
748 3996 891 4079 Coduri,
911 3995 1118 4063 Paschasius
1139 3998 1255 4062 Broer.
1281 3995 1414 4064 Viden-

179 4127 237 4178 tur
254 4134 339 4198 ergo
354 4114 425 4179 duo
441 4123 532 4191 vota,
549 4111 887 4199 hierosolymitanum
904 4123 940 4179 et
951 4111 1167 4180 obedientiae
1179 4131 1316 4178 summo
1327 4134 1429 4199 pon*-

179 4227 265 4296 rifici
282 4249 352 4294 non
369 4227 503 4308 fecisse,
523 4227 582 4292 ubi
601 4228 641 4295 P.
661 4227 897 4312 Ribadeneyra
913 4226 1132 4298 existimavit.

249 4333 305 4410 Ad
321 4355 401 4420 vota
417 4342 585 4410 castitatis
606 4355 641 4409 et
659 4344 871 4430 paupertatis
891 4341 1127 4428 suscipiendae
1151 4343 1206 4410 die
1226 4343 1413 4430 designan-

176 4446 237 4542 do,
257 4460 438 4527 traditione
455 4481 515 4546 per
531 4482 653 4527 manus
664 4471 817 4546 accepta,
832 4481 894 4527 eos
907 4458 1029 4525 fecisse
1042 4481 1175 4545 semper
1190 4459 1410 4540 credidimus

176 4579 262 4642 dum
280 4575 419 4643 Parisiis
435 4575 576 4654 suimus,
594 4575 628 4640 in
646 4587 762 4643 monte
780 4578 982 4661 Martyrum3
1002 4584 1036 4640 et
1053 4574 1156 4658 hujus
1173 4574 1221 4642 rei
1234 4596 1339 4642 causa
1355 4598 1412 4641 so-

177 4693 308 4773 lebant,
326 4692 385 4778 qui
403 4691 566 4760 Societari
583 4712 621 4758 se
636 4690 850 4770 addixerant,
869 4688 1015 4775 singulis
1031 4689 1129 4755 annis
1144 4711 1186 4756 eo
1206 4692 1412 4770 concedere,

312 4805 415 4851 Morus.
431 4805 643 4852 Ionan-Surum
657 4805 704 4858 lv,
720 4816 776 4849 ron.
792 4804 813 4849 1.
981 4829 983 4832 -
1252 4806 1279 4848 tt
