3500 5367
377 451 431 522 558
453 442 456 449 ’
757 450 965 507 Monuuuurn
982 451 1161 507 leunsinem
1179 491 1181 494 -

332 596 559 685 ieiuniorum,
582 602 776 684 missarum,
800 602 1059 684 matutinorum,
1081 603 1281 673 diuinorum
1300 603 1490 683 officiorum,
1505 614 1546 669 at-

334 741 411 805 que
437 740 724 805 quorumcunque
756 720 925 785 bonorum
952 718 1088 804 pietatis
1108 741 1263 807 operum,
1286 719 1433 807 quaein
1450 720 1545 787 eodem

342 834 513 923 Hospitali
529 845 564 901 et
581 844 653 901 toto
668 832 788 903 ordine
804 844 924 901 nostro
937 836 973 904 S.
990 833 1140 920 Spiritus
1160 835 1314 920 quotidie
1328 837 1428 916 fiunt,
1447 834 1545 902 dicun-

341 962 412 1032 tur,
434 962 469 1017 et
492 961 699 1019 exercentur
723 961 825 1036 prout
849 949 926 1017 illos
945 961 981 1019 et
1008 972 1127 1019 eorum
1155 950 1545 1038 quemlibetauthoritate

333 1064 530 1153 apostolica
546 1064 645 1133 nobis
661 1066 697 1132 in
725 1066 792 1132 hac
808 1076 906 1152 parte
929 1065 1123 1152 specialiter
1150 1065 1332 1134 commissa
1352 1070 1466 1135 harum
1479 1064 1546 1134 serie

301 1168 302 1171 ¹
341 1182 525 1270 participes
542 1193 577 1249 et
593 1192 772 1249 consortes
788 1182 825 1249 in
840 1181 990 1249 Domino
1007 1182 1153 1249 facimus
1168 1183 1204 1248 iu
1221 1193 1409 1250 aeternum.

410 1302 465 1367 Da
480 1298 737 1365 detrahentibus
748 1300 943 1384 preceptori
956 1304 1017 1365 aut
1032 1299 1451 1386 subdelegatis—lnhibet
1469 1318 1547 1384 prae

337 1418 435 1483 tatus
452 1416 490 1484 S.
509 1418 554 1481 D.
573 1415 617 1483 N.
637 1426 674 1481 vt
690 1414 807 1480 nullus
828 1434 915 1481 ausu
932 1414 1113 1481 temerario
1133 1414 1200 1500 ipsi
1218 1414 1429 1502 praeceptori
1444 1413 1546 1481 velde

342 1530 466 1618 legatis
482 1541 543 1597 aut
569 1528 836 1616 subdelegandis
853 1531 897 1596 ab
917 1551 972 1610 eo,
990 1540 1051 1597 aut
1066 1530 1141 1598 eius
1158 1530 1330 1616 Hospitali
1345 1531 1444 1597 modo
1457 1527 1547 1612 aliquo

335 1646 380 1713 ‘in
396 1644 591 1733 praemissis
608 1647 788 1713 detrahere
804 1656 1010 1731 praesumat.
1030 1647 1068 1713 ln
1084 1666 1232 1731 quorum
1244 1645 1397 1712 omnium
1409 1655 1443 1713 et
1452 1645 1546 1728 singu·

345 1763 454 1828 lorum
471 1762 574 1829 fidem
590 1771 625 1828 et
643 1760 874 1829 testimonium
892 1771 1090 1847 praesentes
1102 1783 1206 1827 manu
1230 1772 1349 1828 nostra
1364 1760 1488 1848 propria
1506 1758 1546 1823 vel

336 1876 523 1943 substituti
539 1876 647 1944 nostri
664 1887 698 1946 et
715 1900 735 1944 a
752 1876 850 1943 nobis
865 1876 1061 1963 specialiter
1075 1878 1231 1963 deputati
1242 1877 1451 1963 subscriptas
1461 1872 1545 1941 fideli-

337 2005 396 2061 ter
417 1991 578 2080 imprimi,
596 2014 636 2060 ac
658 1992 761 2080 sigilli
781 1992 958 2079 apostolici
980 1992 1158 2079 hospitalis
1177 1994 1286 2059 nostri
1306 2014 1376 2079 quo
1395 1992 1430 2058 in
1449 1990 1548 2058 talibus

344 2108 476 2174 vtimur
490 2108 653 2177 iussimus
668 2119 705 2175 et
720 2108 865 2175 fecimus
881 2108 1072 2177 munimine
1088 2108 1304 2175 communiri.

414 2226 542 2291 Datum
558 2226 688 2294 Romae
703 2224 769 2291 Die
786 2243 829 2308 24
845 2209 975 2292 mensis
988 2224 1201 2311 Septembris
1217 2225 1407 2293 M.D.XL1.
1432 2220 1549 2291 Pontifi-

339 2350 447 2407 catus
462 2340 675 2409 Sanctissimi
703 2340 738 2406 in
766 2340 907 2407 Christo
934 2339 1054 2426 patris
1076 2350 1112 2406 et
1128 2343 1172 2407 D.
1203 2342 1247 2407 N.
1267 2342 1321 2415 D.
1342 2340 1439 2406 Pauli
1457 2336 1548 2404 diuitu

344 2455 565 2541 prouidentia
577 2459 693 2542 Papae
709 2456 765 2524 lll.
784 2458 889 2523 Anno
905 2456 980 2525 eius
997 2458 1071 2523 Vll.

414 2575 464 2641 lta
480 2584 545 2641 est.
561 2572 766 2640 Franciscus
777 2575 821 2641 de
837 2566 965 2640 Landis
988 2574 1195 2659 Praeceptor
1216 2572 1274 2641 St*
1295 2572 1451 2658 Spiritus,
1468 2588 1548 2636 mauu

345 2689 494 2776 propria.

1107 2804 1146 2871 L.
1168 2811 1207 2887 ὦ
1226 2805 1264 2873 S.
1429 2874 1433 2879 ,

414 2922 445 2986 Α
463 2902 561 3007 tergo
577 2941 685 2987 manu
702 2920 738 2986 S.
759 2922 906 3008 Ignatii.
926 2920 1150 3006 Indulgencia
1165 2922 1209 2989 de
1224 2932 1345 2987 sancto
1361 2918 1492 3005 Spiritu,
1504 2935 1549 2999 pa·

304 3104 308 3113 ,
341 3036 438 3119 peda
454 3058 517 3121 por
533 3038 600 3102 XX
621 3046 731 3103 annos
752 3058 814 3121 por
831 3037 946 3103 Araoz
966 3059 989 3122 y
1009 3037 1138 3105 Sancta
1154 3038 1247 3103 Cruz
1266 3038 1271 3123 Ι
1292 3036 1381 3102 alos
1397 3053 1438 3116 24
1450 3034 1488 3098 de
1500 3031 1549 3097 Se

345 3150 491 3219 tiembre
506 3151 551 3219 de
572 3166 668 3235 1541.

414 3267 496 3332 Alio
513 3288 634 3332 uranu.
662 3268 703 3333 R.
730 3265 951 3353 Receptionis
972 3266 1009 3332 in
1029 3266 1346 3334 confraternitatem
1362 3264 1419 3334 gn
1432 3259 1551 3348 Spiritus

350 3382 390 3447 P.
410 3382 547 3467 Ignatii.

415 3500 571 3582 Antiqua
587 3500 790 3585 signatura.
807 3498 853 3565 A.
872 3500 899 3567 l.
917 3520 950 3586 9.

320 3751 322 3759 ,
855 3682 858 3687 “
940 3669 997 3751 20

395 3803 613 3870 LICENTIA
637 3805 946 3870 EXTRAHENDI
969 3803 1263 3871 SANCTORUM
1288 3794 1518 3886 RELIQUIAS

494 3941 540 3987 ax
566 3940 672 3987 naurs
698 3939 883 3987 accessus
908 3939 1015 3986 parur
1040 3938 1193 3987 ronnrto
1217 3938 1401 3987 concessa
1425 3920 1432 3949 ¹

416 4084 488 4149 Nos
506 4082 750 4163 Bernardinus,
781 4081 871 4147 tituli
893 4080 1004 4148 sancti
1028 4080 1152 4149 Ciriaci
1177 4078 1212 4146 in
1235 4077 1390 4148 Thermis
1412 4071 1552 4163 presbiter

341 4197 531 4264 cardinalis
552 4200 595 4263 de
617 4196 750 4265 Messeis
770 4209 1004 4283 nuncupatus,
1022 4197 1126 4264 tidem
1143 4183 1288 4262 facimus
1309 4206 1344 4263 et
1364 4204 1549 4262 attestamur,

344 4313 495 4397 qualiter
510 4312 746 4379 sanctissimus
762 4312 922 4380 dominus
938 4323 1055 4380 noster
1069 4314 1114 4379 D.
1125 4311 1251 4398 JuliuS,
1265 4309 1381 4377 diuina
1394 4304 1550 4395 prouiden-

344 4429 396 4496 tia
412 4452 497 4515 papa
515 4428 648 4510 tertius,
668 4428 769 4497 uiuae
791 4428 886 4495 uocis
906 4430 1057 4509 oraculo,
1075 4426 1176 4495 nobis
1190 4426 1469 4514 supplicantibus,
1484 4438 1550 4484 con·

402 4681 410 4713 ¹
449 4682 494 4735 Ex
508 4680 652 4751 originali,
669 4679 699 4735 in
715 4678 787 4735 Coa.
803 4680 890 4734 Rom.
906 4679 947 4744 Il,
962 4696 991 4734 n.
1006 4678 1095 4750 XLV,
1112 4676 1222 4750 duplici
1239 4676 1320 4747 folio,
1333 4679 1422 4733 altero
1432 4688 1504 4746 puro.
