3500 5367
501 486 550 541 De
569 497 662 547 lictus¹
681 484 712 541 S.
733 484 857 540 luunru
877 499 899 541 ri
918 484 1140 541 sumtuum
1347 478 1402 550 347

201 638 306 705 nudis
321 637 467 726 pedibus
487 647 523 707 et
543 636 707 705 uilissima
727 637 853 704 amictu
882 635 941 703 uix
957 648 1099 724 pectore
1122 646 1157 703 et
1178 644 1302 704 uentre
1323 644 1441 704 tectus

200 754 268 820 iter
283 753 424 836 taceret,
442 764 477 821 et
489 752 689 821 saeuissime
702 751 999 839 interHlspaniae
1014 763 1050 822 et
1069 752 1205 821 Galliae
1227 772 1329 837 reges
1346 751 1440 818 bello

198 870 362 938 arderent
378 867 504 951 omnia,
517 868 712 939 admonitus
728 880 841 937 estne
857 868 1017 936 transiret
1030 888 1094 955 per
1105 868 1220 933 locum
1237 868 1432 952 quemdam,

199 985 261 1052 ubi
277 984 427 1053 hostium
443 984 615 1055 exercitus
637 986 851 1065 consederat,
869 1006 914 1051 ne
927 986 974 1052 ab
998 984 1050 1053 eis
1072 983 1287 1069 interceptus
1307 1004 1439 1069 poenas

196 1100 439 1169 acerbissimas
453 1100 564 1180 daret,
588 1121 674 1185 quas
691 1098 788 1167 multi
805 1110 908 1167 antea
929 1100 1107 1181 dederant3
1126 1098 1199 1186 ipse
1217 1120 1313 1178 uero,
1331 1116 1439 1167 cruce

197 1228 236 1284 et
251 1216 351 1282 firma
365 1216 401 1281 in
418 1217 531 1284 Deum
553 1216 674 1283 fidutia
696 1214 862 1297 munituS,
885 1214 951 1284 iter
970 1236 1072 1283 suurn
1093 1214 1142 1282 ire
1164 1214 1323 1301 perrexit.
1348 1215 1433 1281 Pro·

197 1353 343 1419 gressus
358 1345 473 1400 autem
490 1330 752 1417 aliquantulum,
771 1330 806 1398 in
822 1330 970 1399 militum
985 1332 1156 1419 gallorum
1175 1342 1307 1417 partem
1324 1328 1435 1410 uenit,

196 1446 271 1533 qui,
290 1448 544 1533 exploratorem
555 1468 597 1517 ex
618 1446 737 1515 habitu
759 1458 793 1516 et
809 1446 918 1536 spetie
937 1446 1015 1527 rati,
1033 1446 1144 1534 primo
1158 1445 1297 1532 quidem
1321 1444 1439 1514 uerbis

197 1564 364 1643 mulcent,
383 1562 558 1650 promissis
573 1563 714 1643 lactant,
733 1562 812 1629 cibo
829 1564 932 1631 etiam
948 1561 1121 1646 reficiunt,
1139 1572 1174 1630 et
1189 1583 1309 1629 mensa
1329 1582 1435 1648 appa·

197 1694 276 1745 rata
291 1678 468 1764 excipiunt
484 1678 673 1773 bominem,
697 1689 735 1745 ut
751 1678 834 1745 uino
850 1678 939 1746 forte
955 1690 1138 1766 grauatum
1150 1676 1382 1757 adorirentur,
1400 1688 1440 1745 et

197 1792 323 1859 minori
339 1794 479 1880 negotio
491 1793 751 1881 expiscarentur
766 1796 810 1861 ab
823 1794 931 1874 ebrio,
947 1795 1074 1879 quoda
1089 1793 1204 1861 sobrio
1220 1792 1358 1859 difficile
1373 1814 1438 1861 ex-

198 1918 361 1992 torquere
377 1908 579 1995 potuissent.
595 1910 654 1978 llle
669 1908 806 1977 interim
823 1910 978 1981 modeste
993 1920 1029 1977 et
1044 1909 1226 1997 frugaliter
1247 1907 1357 1995 epulis
1373 1928 1440 1995 αρ-Ι

178 2023 331 2119 positis,
349 2025 393 2089 ad
408 2034 565 2091 naturam
582 2024 784 2093 necessariis
803 2016 1121 2105 leuandamutitur,
1139 2046 1209 2092 non
1225 2025 1269 2092 ad
1284 2026 1438 2093 obruen-

195 2141 280 2205 dam
304 2140 539 2226 superuacuis.
558 2142 765 2210 Recreatum
780 2162 901 2223 coena,
919 2140 963 2207 ad
985 2162 1184 2228 supremum
1205 2140 1351 2207 militum
1367 2139 1433 2205 im-

199 2267 393 2341 peratorem
414 2258 557 2337 ducunt,
578 2268 614 2325 et
636 2268 798 2341 tanquam
819 2258 944 2338 leram,
969 2258 1107 2325 casibus
1128 2268 1165 2326 et
1189 2256 1353 2343 indagine
1373 2275 1433 2322 ca·

197 2381 308 2457 ptam,
326 2370 421 2439 illum
437 2372 472 2438 in
489 2371 602 2439 medio
614 2384 805 2458 exponunt.
825 2372 971 2458 Quaerit
981 2373 1053 2440 dux
1067 2392 1114 2442 ex
1130 2371 1189 2439 illo
1204 2372 1361 2459 patriam;
1376 2370 1437 2441 ille

198 2506 285 2552 uero
302 2498 402 2554 tacet.
422 2488 523 2556 Vnde
540 2488 654 2555 ueniat
671 2488 871 2574 interrogat;
890 2488 979 2557 silet.
998 2490 1133 2558 Nomen
1145 2488 1353 2569 sciscitatum
1369 2488 1433 2555 ob-

123 2610 130 2619 ·
196 2602 372 2669 mutescit.
391 2603 550 2689 Denique
565 2604 609 2671 ad
624 2594 912 2691 interrogatiorles
923 2604 1037 2672 uarias
1048 2603 1334 2691 multiplicesque,
1354 2604 1437 2669 fixis

197 2718 238 2783 in
251 2728 374 2787 tetram
388 2718 508 2799 oculis,
518 2718 631 2786 anima
642 2718 678 2785 in
691 2720 839 2801 coelum,
850 2718 1032 2787 immobilis
1039 2730 1248 2807 perseuerat.
1260 2720 1316 2787 Ad
1329 2740 1436 2785 unam

196 2832 307 2899 illam:
324 2852 406 2902 esne
421 2835 633 2921 explorator?
649 2845 784 2903 tantum
799 2834 923 2920 inquit:
939 2856 1010 2902 non
1024 2857 1114 2918 sum;
1132 2856 1177 2903 ne
1197 2835 1323 2902 iustam
1338 2834 1435 2901 iniu-

195 2948 273 3017 riae
288 2968 426 3017 causam
452 2949 587 3017 dedisse
615 2949 802 3019 uideretur.
833 2952 923 3017 Tum
949 2949 1144 3037 imperator,
1163 2950 1212 3019 ira
1228 2948 1382 3036 percitus
1398 2961 1438 3018 et·

196 3064 317 3133 furore
331 3066 465 3151 plenus,
480 3065 605 3135 milites
615 3064 829 3152 grauissimis
845 3065 962 3134 uerbis
973 3066 1156 3153 corripere,
1171 3064 1352 3133 stultitiam
1373 3086 1433 3132 ac·

193 3198 334 3260 cumre,
353 3182 444 3266 quod
461 3180 619 3248 insanum
637 3181 811 3249 hominem
831 3193 867 3249 et
888 3192 1003 3251 mente
1026 3193 1179 3251 emotum
1199 3182 1243 3249 ad
1264 3203 1303 3251 se
1317 3200 1435 3248 coram

194 3296 435 3378 adduxissent3
453 3308 489 3365 ct
504 3295 605 3363 simul
618 3296 813 3383 praecipere
825 3310 863 3363 ut
876 3320 956 3367 eum
971 3298 1117 3367 emedio
1130 3298 1250 3363 tollant
1263 3307 1298 3365 et
1310 3296 1430 3365 detur-

196 3412 294 3479 bent.
315 3411 440 3479 Milites
457 3424 539 3480 uero
556 3422 629 3479 tum
645 3412 689 3478 ob
705 3411 806 3479 ducis
827 3412 1106 3500 increpationem,
1126 3424 1199 3479 tum
1215 3412 1308 3499 quod
1330 3432 1436 3498 opera

196 3538 235 3595 et
252 3528 367 3596 oleum
382 3526 448 3593 sibi
465 3526 632 3615 periisset,
648 3518 824 3611 frendunt,
841 3542 877 3595 et
891 3526 1024 3597 insania
1033 3528 1197 3603 ¹succensi
1214 3550 1352 3617 pugnos
1368 3528 1428 3595 im·

197 3642 362 3731 pingunt,
391 3643 545 3711 calcibus
566 3646 734 3726 tundunt,
758 3634 976 3713 contumeliis
1007 3644 1174 3725 afficiunt,
1195 3657 1231 3713 et
1257 3645 1436 3728 conuitiis,

198 3757 403 3839 maledictis,
424 3758 518 3825 omni
538 3780 652 3828 rerum
674 3781 802 3846 genere
821 3758 1062 3845 insequuntur,
1085 3759 1278 3847 impellunt,
1296 3769 1435 3847 pertru-

197 3876 300 3955 dunt,
317 3886 444 3961 urgent
471 3874 558 3944 etin
585 3876 708 3943 malam
737 3897 878 3944 crucem
894 3876 989 3944 abire
1011 3876 1144 3944 iubent.
1162 3877 1277 3944 Credo
1293 3897 1361 3964 ego
1377 3898 1438 3944 me

198 4012 243 4057 ex
270 3988 419 4077 ipsomet
439 3994 542 4058 Patre
562 3989 747 4075 audiuisse,
771 3990 960 4060 mirabilem
977 4012 1017 4059 se
1035 3991 1071 4057 id
1091 3991 1254 4078 temporis
1273 3994 1433 4059 consola-

197 4106 327 4174 tionem
345 4104 457 4173 animo
474 4106 685 4193 concepisse,
702 4124 782 4173 cum
799 4106 874 4175 eills
888 4106 1067 4176 dedecoris
1083 4119 1118 4175 et
1130 4107 1358 4176 contumeliae
1372 4120 1434 4174 ue-

197 4221 290 4290 niret
306 4219 342 4287 in
361 4233 523 4306 mentem,
542 4244 646 4309 quam
667 4221 828 4290 Christus
843 4219 994 4291 saluator
1009 4232 1139 4308 noster,
1158 4244 1273 4291 coram
1291 4222 1437 4293 Herode

196 4358 363 4425 praesens
379 4338 500 4419 adens,
518 4360 539 4405 a
554 4337 720 4405 militibus
737 4337 889 4424 pertulit.

268 4452 322 4519 28.
371 4454 462 4521 Cum
478 4455 521 4521 de
533 4454 681 4540 quodam
698 4452 874 4541 religionis
889 4456 1065 4524 desertore
1081 4466 1116 4523 et
1137 4454 1286 4542 fugitiuo
1302 4454 1409 4523 mllite
1420 4466 1435 4496 ⁶

252 4628 265 4657 e
283 4612 382 4669 Prius
397 4614 546 4687 scriptum
556 4612 682 4687 suerat.-
703 4613 855 4670 desertore
867 4623 899 4670 ct
920 4614 1049 4686 digitius
1071 4614 1176 4671 mllite.
1191 4615 1301 4670 Postea
1324 4615 1435 4670 ratim
1471 4634 1474 4637 ⁴

197 4702 265 4759 tria
278 4702 367 4759 verbu
379 4704 479 4759 deleta
491 4708 572 4759 strat.
589 4702 740 4773 Quisnam
753 4710 855 4761 autam
868 4705 918 4760 tric
928 4706 1064 4761 metor
1070 4705 1183 4778 ftoerd,
1197 4705 1230 4760 in
1243 4705 1386 4777 margin
1397 4704 1442 4758 ub
