3500 5367
444 440 630 495 Paocassus
648 448 858 495 azpsrnauus
877 448 1006 494 coum
1025 438 1186 509 Iouerum
1340 444 1394 504 597

188 612 994 677 ----quo—·--em----
1014 600 1177 675 tanquam
1197 609 1330 656 merum
1353 588 1430 673 lay-

188 730 275 777 cum
290 730 385 777 seus
400 742 746 761 ------
760 728 823 793 pro
840 706 911 773 talli
928 740 1428 757 ---------

184 834 229 890 et
251 846 289 893 re
305 860 833 877 ---------
848 821 969 891 haberi
992 832 1028 890 et
1048 816 1224 913 re[pu]tari
1243 820 1259 861 ¹¹
1278 818 1427 907 punien-

189 940 289 1021 dum,
307 939 532 1027 infligendum
552 949 587 1009 et
608 937 862 1025 castigandum,
884 939 927 1005 ad
948 936 1078 1005 dictum
1099 936 1277 1005 dominum
1294 939 1447 1025 Johan-,

190 1074 273 1121 nem
300 1050 507 1123 Ferdinandi
533 1055 708 1121 doctorem
736 1054 780 1120 de
806 1053 840 1119 la
866 1052 991 1134 Gama,
1021 1063 1251 1122 correctorem
1272 1051 1427 1138 predicte
1507 1082 1514 1096 ·

189 1170 382 1257 provincie,
403 1169 625 1257 judicemque
644 1166 852 1237 ordinarium
880 1168 917 1234 in
943 1167 1140 1235 huiusmodi
1165 1190 1282 1236 causa.
1308 1170 1353 1235 Et
1379 1166 1428 1235 ita

192 1285 279 1373 petit
291 1284 331 1354 ¹et
346 1285 504 1373 suplicat,
522 1285 734 1372 implorando
750 1304 854 1371 super
866 1282 1107 1373 praemiss[is]·¹
1122 1295 1275 1353 vestrum
1288 1282 1428 1349 nomine

189 1400 372 1493 oninium]
388 1410 559 1486 quatenus
575 1422 662 1487 opus
682 1412 747 1481 est,
770 1422 840 1486 quo
860 1399 946 1487 petit
966 1399 1031 1467 sibi
1051 1400 1156 1467 breve
1172 1398 1313 1484 justicie
1331 1420 1426 1466 com-

190 1514 427 1606 plemelntum]
444 1517 530 1597 fieri,
549 1516 810 1585 condemnando
825 1517 955 1582 dictum
973 1516 1127 1583 Enecum
1142 1527 1165 1556 ¹³
1180 1512 1218 1580 in
1233 1514 1424 1601 expenssis.

188 1631 291 1700 Alias
310 1640 519 1719 protestatur
539 1632 582 1698 de
601 1629 692 1697 vicio
708 1640 743 1699 et
763 1633 807 1699 de
827 1630 985 1699 nullitate
1005 1651 1200 1718 processus,
1222 1641 1258 1700 et
1278 1630 1323 1700 de
1344 1649 1426 1718 gra-

189 1748 342 1829 vamine,
359 1760 395 1816 et
409 1749 454 1816 de
469 1748 650 1834 apelando.

260 1865 367 1933 Saluo
379 1864 458 1950 jure
473 1862 632 1931 addendi.

261 1982 477 2049 Protestatur
491 1978 535 2059 de
550 1978 710 2065 expensis
726 1988 792 2047 etc.

371 2088 518 2163 Sancius
532 2096 588 2164 del
604 2096 677 2181 Rey
692 2092 799 2181 ynqui
816 2106 842 2161 ¹¹.

260 2212 365 2279 Anno
384 2234 404 2278 a
425 2209 602 2277 nativitate
623 2208 762 2277 Domini
788 2208 969 2279 millesimo
996 2210 1276 2297 quingentesimo
1305 2210 1427 2297 quinto

189 2326 338 2405 decimo,
356 2324 412 2393 die
427 2344 512 2393 vero
528 2324 657 2406 martis,
677 2324 861 2394 terdecima
873 2324 1000 2406 Martii,
1016 2326 1237 2413 Pampilonae
1248 2326 1284 2394 in
1292 2326 1425 2413 judicio

184 2464 307 2509 coram
323 2441 415 2508 dicto
431 2441 573 2509 domino
589 2443 751 2531 Johanne
771 2441 815 2509 de
834 2442 943 2509 Santa
966 2438 1086 2522 Maria,
1110 2440 1236 2509 oficiali
1255 2444 1426 2530 pampilo-

190 2556 305 2637 nensi,
325 2557 472 2627 Michael
487 2557 531 2623 de
552 2558 694 2637 Vernet,
717 2568 920 2643 procurator
938 2554 1148 2624 substitutus
1167 2567 1202 2626 et
1223 2580 1266 2625 eo
1284 2559 1425 2628 nomine

188 2672 275 2740 dicti
291 2672 419 2739 domini
435 2671 649 2752 correctoris,
673 2668 927 2751 satisfaciendo,
949 2682 986 2737 vt
1006 2673 1166 2753 asseruit,
1192 2672 1424 2766 asignatio[ni]

190 2788 258 2855 sibi
274 2789 377 2869 facte,
396 2786 520 2855 obtulit
536 2799 571 2854 et
586 2786 797 2874 presentauit
811 2786 1007 2853 huiusmodi
1023 2787 1194 2869 cedulam,
1212 2799 1334 2875 petens
1354 2800 1422 2857 etc.

191 2904 237 2970 Et
253 2903 423 2973 Martinus
438 2903 482 2973 de
498 2902 696 2983 Cabaldiea‚
714 2911 926 2989 procurator,
943 2924 987 2970 ex
1003 2904 1150 2973 aduerso
1166 2902 1265 2990 petiit
1275 2888 1423 2992 copiam,

190 3042 262 3105 que
278 3018 343 3085 tuit
358 3017 426 3086 sibi
440 3019 590 3087 decreta.
610 3021 654 3085 Et
672 3017 809 3101 deinde,
832 3018 984 3087 instante
1003 3018 1097 3087 dicto
1116 3022 1172 3087 De
1193 3021 1337 3105 vernet,
1360 3021 1425 3090 fuit

189 3152 399 3221 suspensum
414 3133 544 3200 dictum
562 3133 783 3201 monitorium
799 3134 913 3203 donec
928 3155 971 3201 ex
992 3134 1140 3201 aduerso
1160 3137 1421 3223 respondeatur.

248 3322 263 3364 k
298 3320 595 3375 Attritaartchurta.
633 3316 859 3374 -1Artriraest
872 3320 989 3375 chaum
1028 3336 1086 3364 -υ
1097 3320 1322 3398 condemnando
1330 3323 1425 3381 dtctoo

191 3408 358 3480 johannem
371 3408 425 3479 [sic
434 3411 494 3481 pro
511 3406 643 3478 Petrum]
656 3412 688 3462 et
700 3407 831 3463 Enecum
850 3425 905 3463 ma.
942 3424 993 3452 ..n
1012 3406 1138 3465 Sancius
1149 3409 1232 3469 del...
1246 3412 1339 3487 ynqui
1351 3414 1427 3487 legi·

188 3501 246 3551 tur
255 3498 423 3570 perspicus,
436 3496 487 3552 aad
499 3514 560 3551 non
573 3497 648 3551 adeo
661 3496 732 3552 bane
744 3496 866 3551 uerbum
880 3496 958 3567 Rey.
