3500 5367
408 453 461 522 5⁰⁶
787 448 996 504 Monunaurn
1015 448 1195 504 Ιιιιιιιτιιιιιι

333 669 335 673 ,
369 606 449 672 dam
466 602 589 672 medici
605 601 730 669 infirmi
745 603 789 669 ad
804 600 881 669 eius
895 600 1061 686 obsequia
1083 600 1225 681 miserit,
1239 599 1277 665 in
1292 600 1390 667 cuius
1405 600 1489 665 dorm
1500 598 1554 664 sine

371 720 465 787 socio
480 741 540 806 per
557 726 708 785 mensem
725 727 909 786 manserat.
929 718 1113 786 Praeterea
1124 716 1280 784 infirmus
1297 716 1354 786 ille
1365 725 1430 785 erat
1442 715 1553 792 aduena,

370 850 501 903 etcum
522 856 591 922 quo
618 834 746 901 nullam
774 845 878 902 antea
893 831 1156 899 familiaritatem
1184 832 1318 916 habuit,
1348 843 1382 902 et
1402 830 1551 916 nequidem

371 951 683 1033 comessationem,
701 970 765 1017 nec
781 948 955 1035 quidpiam
971 949 1076 1030 aliud,
1100 950 1192 1036 quod
1213 948 1435 1037 suspicionem
1452 966 1556 1013 mouere

371 1078 488 1153 posset
503 1069 547 1135 ab
562 1088 605 1134 eo
620 1066 710 1139 malo
726 1068 853 1135 affectu
869 1075 999 1132 tactum
1018 1066 1056 1131 ¹².

437 1184 595 1251 Alterum
613 1180 766 1249 similiter
786 1180 927 1264 dimisit,
946 1158 1056 1267 quod,
1070 1179 1313 1248 satisfaciendo
1334 1176 1557 1261 naturaque

371 1309 464 1367 esset
479 1322 517 1368 se
532 1297 676 1364 nimium
692 1297 898 1365 denudasse.
1652 1317 1654 1430 p

438 1413 629 1481 Antonium
646 1412 828 1492 Marinum,
847 1410 995 1498 primum
1007 1411 1043 1477 in
1055 1410 1204 1506 collegio
1217 1433 1360 1478 romano
1372 1407 1561 1498 philosophiae

370 1532 613 1617 professorem,
642 1550 770 1615 magno
790 1526 931 1615 ingenio
951 1538 987 1595 et
1008 1526 1201 1596 eruditione
1225 1527 1429 1613 praeditum,
1444 1548 1460 1593 e
1473 1522 1558 1591 socie-
1653 1483 1655 1546 l

372 1658 442 1715 tate
458 1644 586 1711 dimisit
601 1665 644 1711 eo
664 1644 757 1729 quod
778 1645 924 1712 haberet
941 1642 1118 1711 diuersum
1142 1664 1163 1708 a
1185 1641 1418 1729 superioribus
1435 1639 1561 1706 derebus
1654 1649 1656 1752 p

370 1760 554 1831 Societatis
575 1758 751 1839 iudicium,
771 1769 805 1827 et
821 1758 906 1829 illud
923 1758 1028 1825 nollet
1043 1757 1257 1844 submittere:
1272 1757 1399 1825 dimisit
1413 1778 1480 1826 eum
1491 1765 1561 1826 tunc,

372 1879 509 1965 quando
530 1876 684 1945 Societas
705 1874 831 1961 egebat
857 1873 1026 1960 personis,
1043 1885 1079 1941 et
1099 1875 1239 1941 carebat
1260 1873 1394 1941 idoneis
1412 1873 1451 1941 ad
1468 1872 1561 1937 docen-
1655 1817 1657 1920 i

373 1994 456 2059 dum
477 2004 586 2078 usque
610 1991 708 2071 ade0,
732 2001 772 2056 ut
791 1989 949 2057 debuerit
973 1989 1048 2057 eius
1068 1990 1144 2056 loco
1165 2012 1294 2076 ponere
1313 1990 1474 2075 quendam
1490 1983 1561 2052 noui·
1656 1983 1658 2086 l

373 2108 458 2174 tium
476 2108 626 2193 belgam,
644 2118 725 2172 ante
742 2127 871 2192 paucos
888 2127 1024 2174 menses
1039 2104 1076 2171 in
1092 2104 1301 2173 Societatem
1317 2116 1489 2192 receptum.

529 2430 792 2498 RESPONSIO
818 2432 859 2499 P.
886 2314 1450 2517 MAN9AR51ADQUAEDAM

776 2550 935 2614 nnucrc'n
961 2566 1174 2615 Posrunnrn
1201 2550 1209 2581 ¹
1659 2483 1661 2608 i

650 2732 838 2779 RESPONSIO
860 2734 909 2779 AD
931 2731 1105 2787 QVAEDAM
1126 2734 1334 2781 Postumum

516 2842 564 2889 DE
587 2840 618 2888 Β.
643 2842 673 2887 Ρ.
698 2842 731 2887 Ν.
755 2840 890 2888 ΙΟΝΑΤΠ
911 2841 1118 2888 VIRTUTIBUS
1139 2842 1185 2887 ET
1205 2839 1423 2888 nocuussttrts
1442 2840 1464 2884 A

538 2947 690 2996 NICOLAO
711 2946 877 2995 Lancmo
893 2948 1014 2995 ROMAE
1035 2948 1262 2995 THEOLOGIAE
1283 2946 1444 2996 swmoso
1472 2973 1475 2980 ι

888 3056 978 3101 PARS
999 3056 1109 3103 PRIMA

446 3206 552 3288 Petis,
572 3208 676 3274 frater
692 3206 907 3291 charissime,
925 3209 1093 3294 quaedam
1109 3210 1153 3277 de
1169 3208 1270 3278 beato
1286 3211 1392 3277 Patre
1413 3214 1522 3280 nostro,
1538 3195 1568 3263 ad

433 3432 455 3463 ¹⁷
492 3428 628 3484 Prudens
640 3430 734 3485 lector
746 3446 798 3501 per
818 3446 851 3485 se
865 3428 928 3502 ipse
942 3437 1053 3486 statuet
1065 3430 1137 3503 quid
1149 3429 1187 3487 de
1199 3431 1256 3487 hoc
1268 3448 1303 3485 ac
1315 3426 1448 3503 sequenti
1467 3419 1571 3491 exemplo

377 3515 566 3573 sentiendum
579 3518 629 3573 sit.
644 3518 738 3574 Nobis
751 3534 823 3573 vero
827 3517 899 3591 ,qui
912 3520 1029 3589 Ignatio
1041 3520 1209 3575 consultum
1221 3535 1256 3574 ac
1265 3528 1451 3591 prospectum
1459 3514 1572 3570 volumus,

376 3606 480 3661 eadem
493 3614 575 3661 recte
588 3607 696 3679 exponi
709 3622 767 3663 non
780 3606 929 3664 videntur:
944 3625 1004 3664 non
1023 3608 1103 3664 enim
1116 3608 1154 3679 si,
1166 3616 1254 3682 prout
1266 3618 1412 3679 narratur,
1429 3621 1471 3662 res
1481 3594 1572 3657 accidis·

375 3704 432 3765 set,
448 3710 542 3767 poena
554 3696 592 3751 ab
605 3696 740 3767 Ignatio
732 3696 869 3768 imposita
886 3696 1033 3753 admissae
1045 3699 1151 3771 culpae
1162 3697 1342 3770 respondere
1359 3706 1412 3753 aut
1427 3712 1472 3770 par
1482 3684 1574 3746 Ml·

375 3792 503 3841 ceretur.
519 3786 555 3840 Et
572 3784 698 3841 sortasse
715 3786 791 3842 aliae
810 3786 926 3843 inerant
938 3804 1055 3857 musae,
1074 3786 1256 3861 eaedemque
1273 3805 1333 3843 non
1350 3787 1443 3854 leves,
1458 3796 1501 3838 unt
1494 3778 1575 3849 lgm·

377 3875 420 3929 tio
432 3882 484 3929 aut
497 3874 598 3947 paucis
611 3874 676 3930 aliis
689 3874 838 3947 cognitae,
853 3878 892 3931 ob
909 3893 983 3949 quas
998 3876 1052 3946 illi,
1065 3876 1224 3950 dequibus
1241 3877 1351 3955 agitur,
1364 3894 1383 3932 a
1399 3874 1527 3932 societate
1539 3880 1574 3918 ex·

378 3962 448 4035 pelli
464 3962 624 4031 debebant;
644 3972 733 4037 atque
751 3964 879 4036 occasio,
892 3974 925 4020 ut
945 3964 1135 4037 ejicerentur,
1147 3968 1356 4040 quaerebatur,
1369 3982 1454 4039 quae,
1471 3950 1576 4033 quam

377 4051 539 4119 levissima,
553 4070 620 4109 cum
633 4054 733 4109 oblata
750 4051 1035 4125 suisset,1gnatium
1049 4064 1148 4112 tamen
1160 4054 1198 4111 ad
1215 4070 1268 4111 eos
1279 4053 1468 4112 dimittendos
1480 4042 1574 4123 pepuli·

379 4140 464 4196 Adde
477 4140 555 4213 quod
567 4140 736 4213 hujusmodi
749 4158 797 4197 res
812 4141 842 4198 in
856 4143 965 4199 talibus
978 4143 1126 4215 adjunctis
1138 4142 1273 4201 accidere
1287 4152 1447 4217 potuerunt
1456 4148 1494 4206 ut,
1508 4134 1576 4204 impu·

377 4232 458 4285 nitae
471 4229 498 4285 si
511 4230 744 4302 negligerentur,
766 4230 873 4287 fierent
897 4234 1039 4289 malornm
1062 4233 1244 4291 irritamenta
1266 4242 1298 4289 et
1318 4232 1393 4289 alios
1411 4232 1441 4287 in
1452 4220 1575 4302 perniclffl

380 4319 544 4376 traherent.

435 4407 442 4441 ¹
481 4408 526 4463 Ex
544 4406 692 4481 originali,
711 4409 741 4465 in
758 4408 861 4465 codice
880 4412 918 4466 P.
937 4411 1082 4468 Monuni
1097 4412 1253 4478 historica,
1272 4411 1304 4467 ff.
1322 4410 1416 4469 33-36.
1429 4396 1578 4467 Edimmffil

377 4498 434 4553 hoc
447 4506 672 4555 monumentum
690 4517 707 4554 a
721 4499 859 4556 Patribus
872 4500 1083 4569 Bollandianis,
1097 4502 1175 4557 Acta
1185 4502 1381 4570 Sandonem,
1392 4485 1578 4557 Commffl

372 4588 512 4656 praevio,
526 4606 577 4644 nn.
591 4586 723 4659 878·914.
739 4588 836 4645 Etiam
849 4589 995 4646 lectiones
1007 4591 1113 4663 varias,
1126 4607 1202 4664 quae
1214 4590 1246 4647 in
1258 4589 1340 4647 dicto
1352 4588 1524 4647 monumento
1534 4572 1577 4631 edi·

377 4686 409 4728 ιο
422 4675 621 4749 reperiuntur,
634 4676 783 4738 dabimus.
799 4677 856 4734 nisi
873 4679 930 4734 hae
947 4696 1069 4735 sensum
1087 4677 1209 4736 minime
1222 4688 1349 4752 mutent,
1362 4688 1396 4736 ut
1411 4677 1459 4750 ajo
1467 4665 1579 4746 prom
