<?xml version="1.0" encoding="UTF-8"?>
<!DOCTYPE html PUBLIC "-//W3C//DTD XHTML 1.0 Transitional//EN"
    "http://www.w3.org/TR/xhtml1/DTD/xhtml1-transitional.dtd">
<html xmlns="http://www.w3.org/1999/xhtml" xml:lang="en" lang="en">
 <head>
  <title>
</title>
<meta http-equiv="Content-Type" content="text/html;charset=utf-8" />
  <meta name='ocr-system' content='tesseract 3.04.00' />
  <meta name='ocr-capabilities' content='ocr_page ocr_carea ocr_par ocr_line ocrx_word'/>
</head>
<body>
  <div class='ocr_page' id='page_1' title='image "./monumentaignati00ignagoog/monumentaignati00ignagoog_0727.png"; bbox 0 0 3500 5367; ppageno 0'>
   <div class='ocr_carea' id='block_1_1' title="bbox 460 443 1395 538">
    <p class='ocr_par' dir='ltr' id='par_1_1' title="bbox 460 443 1395 538">
     <span class='ocr_line' id='line_1_1' title="bbox 460 443 1395 538; baseline -0.004 -12"><span class='ocrx_word' id='word_1_1' title='bbox 460 470 613 526; x_wconf 70' lang='lat' dir='ltr'>censum</span> <span class='ocrx_word' id='word_1_2' title='bbox 633 468 666 522; x_wconf 90' lang='lat' dir='ltr'>P.</span> <span class='ocrx_word' id='word_1_3' title='bbox 686 465 808 522; x_wconf 73' lang='lat' dir='ltr'>Csmsn</span> <span class='ocrx_word' id='word_1_4' title='bbox 826 479 858 522; x_wconf 83' lang='lat' dir='ltr'>nr</span> <span class='ocrx_word' id='word_1_5' title='bbox 876 479 976 524; x_wconf 81' lang='lat' dir='ltr'>vrrrnr</span> <span class='ocrx_word' id='word_1_6' title='bbox 995 467 1027 522; x_wconf 90' lang='lat' dir='ltr'>S.</span> <span class='ocrx_word' id='word_1_7' title='bbox 1040 443 1171 523; x_wconf 50' lang='lat' dir='ltr'>&#39;lenam</span> <span class='ocrx_word' id='word_1_8' title='bbox 1342 479 1395 538; x_wconf 86' lang='lat'>715</span> 
     </span>
    </p>
   </div>
   <div class='ocr_carea' id='block_1_2' title="bbox 183 618 1436 3950">
    <p class='ocr_par' dir='ltr' id='par_1_2' title="bbox 190 618 1433 1056">
     <span class='ocr_line' id='line_1_2' title="bbox 190 618 1433 705; baseline -0.002 -15"><span class='ocrx_word' id='word_1_9' title='bbox 190 621 288 691; x_wconf 89' lang='lat' dir='ltr'>enim</span> <span class='ocrx_word' id='word_1_10' title='bbox 315 620 512 688; x_wconf 89' lang='lat' dir='ltr'>confirmari</span> <span class='ocrx_word' id='word_1_11' title='bbox 538 619 673 686; x_wconf 92' lang='lat' dir='ltr'>illorum</span> <span class='ocrx_word' id='word_1_12' title='bbox 700 618 902 700; x_wconf 84' lang='lat' dir='ltr'><strong>calumnias,</strong></span> <span class='ocrx_word' id='word_1_13' title='bbox 932 620 1023 705; x_wconf 89' lang='lat' dir='ltr'>apud</span> <span class='ocrx_word' id='word_1_14' title='bbox 1051 641 1140 704; x_wconf 89' lang='lat' dir='ltr'>quos</span> <span class='ocrx_word' id='word_1_15' title='bbox 1167 620 1253 686; x_wconf 89' lang='lat' dir='ltr'>male</span> <span class='ocrx_word' id='word_1_16' title='bbox 1274 619 1433 687; x_wconf 87' lang='lat' dir='ltr'>audimus</span> 
     </span>
     <span class='ocr_line' id='line_1_3' title="bbox 193 734 1431 826; baseline -0.002 -22"><span class='ocrx_word' id='word_1_17' title='bbox 193 749 336 826; x_wconf 88' lang='lat' dir='ltr'>propter</span> <span class='ocrx_word' id='word_1_18' title='bbox 350 735 628 804; x_wconf 78' lang='lat' dir='ltr'>illuminationes.</span> <span class='ocrx_word' id='word_1_19' title='bbox 648 737 691 802; x_wconf 90' lang='lat' dir='ltr'>Et</span> <span class='ocrx_word' id='word_1_20' title='bbox 709 736 852 802; x_wconf 87' lang='lat' dir='ltr'>fortasse</span> <span class='ocrx_word' id='word_1_21' title='bbox 873 734 1042 821; x_wconf 83' lang='lat' dir='ltr'>profuerit</span> <span class='ocrx_word' id='word_1_22' title='bbox 1063 735 1199 820; x_wconf 88' lang='lat' dir='ltr'>aliquod</span> <span class='ocrx_word' id='word_1_23' title='bbox 1215 735 1295 803; x_wconf 90' lang='lat' dir='ltr'>addi</span> <span class='ocrx_word' id='word_1_24' title='bbox 1309 735 1431 802; x_wconf 86' lang='lat' dir='ltr'>discri-</span> 
     </span>
     <span class='ocr_line' id='line_1_4' title="bbox 193 849 1430 938; baseline -0.001 -18"><span class='ocrx_word' id='word_1_25' title='bbox 193 877 276 923; x_wconf 85' lang='lat' dir='ltr'>men</span> <span class='ocrx_word' id='word_1_26' title='bbox 304 854 392 921; x_wconf 89' lang='lat' dir='ltr'>inter</span> <span class='ocrx_word' id='word_1_27' title='bbox 420 875 521 920; x_wconf 87' lang='lat' dir='ltr'>ueras</span> <span class='ocrx_word' id='word_1_28' title='bbox 546 864 582 932; x_wconf 86' lang='lat' dir='ltr'>et</span> <span class='ocrx_word' id='word_1_29' title='bbox 610 853 711 921; x_wconf 84' lang='lat' dir='ltr'>falsas</span> <span class='ocrx_word' id='word_1_30' title='bbox 738 851 813 920; x_wconf 86' lang='lat' dir='ltr'>siue</span> <span class='ocrx_word' id='word_1_31' title='bbox 836 863 850 900; x_wconf 74' lang='lat'>⁸</span> <span class='ocrx_word' id='word_1_32' title='bbox 877 863 1055 938; x_wconf 88' lang='lat' dir='ltr'>suspectas</span> <span class='ocrx_word' id='word_1_33' title='bbox 1082 849 1361 934; x_wconf 87' lang='lat' dir='ltr'>illuminationes,</span> <span class='ocrx_word' id='word_1_34' title='bbox 1386 854 1430 919; x_wconf 91' lang='lat' dir='ltr'>ad</span> 
     </span>
     <span class='ocr_line' id='line_1_5' title="bbox 190 965 1382 1056; baseline -0.003 -19"><span class='ocrx_word' id='word_1_35' title='bbox 190 990 334 1037; x_wconf 90' lang='lat' dir='ltr'>omnem</span> <span class='ocrx_word' id='word_1_36' title='bbox 349 969 575 1056; x_wconf 86' lang='lat' dir='ltr'>suspitionem</span> <span class='ocrx_word' id='word_1_37' title='bbox 591 981 626 1037; x_wconf 93' lang='lat' dir='ltr'>et</span> <span class='ocrx_word' id='word_1_38' title='bbox 643 967 871 1037; x_wconf 89' lang='lat' dir='ltr'>obiectionem</span> <span class='ocrx_word' id='word_1_39' title='bbox 888 965 903 1008; x_wconf 77' lang='lat'>¹²</span> <span class='ocrx_word' id='word_1_40' title='bbox 918 967 1115 1034; x_wconf 88' lang='lat' dir='ltr'>illusionum</span> <span class='ocrx_word' id='word_1_41' title='bbox 1137 965 1382 1053; x_wconf 84' lang='lat' dir='ltr'><strong>effugiendam.</strong></span> 
     </span>
    </p>

    <p class='ocr_par' dir='ltr' id='par_1_3' title="bbox 189 1082 1431 1288">
     <span class='ocr_line' id='line_1_6' title="bbox 263 1082 1431 1172; baseline -0.003 -20"><span class='ocrx_word' id='word_1_42' title='bbox 263 1088 351 1172; x_wconf 87' lang='lat' dir='ltr'>Pag.</span> <span class='ocrx_word' id='word_1_43' title='bbox 370 1087 424 1152; x_wconf 88' lang='lat'>60.</span> <span class='ocrx_word' id='word_1_44' title='bbox 451 1085 537 1172; x_wconf 87' lang='lat' dir='ltr'>[Fol.</span> <span class='ocrx_word' id='word_1_45' title='bbox 557 1085 613 1166; x_wconf 88' lang='lat'>60;</span> <span class='ocrx_word' id='word_1_46' title='bbox 632 1086 655 1150; x_wconf 91' lang='lat' dir='ltr'>l.</span> <span class='ocrx_word' id='word_1_47' title='bbox 674 1086 715 1164; x_wconf 90' lang='lat' dir='ltr'>ll,</span> <span class='ocrx_word' id='word_1_48' title='bbox 734 1105 766 1150; x_wconf 92' lang='lat' dir='ltr'>c.</span> <span class='ocrx_word' id='word_1_49' title='bbox 796 1084 870 1169; x_wconf 78' lang='grc' dir='ltr'><strong>ΧΙΙ.</strong></span> <span class='ocrx_word' id='word_1_50' title='bbox 901 1082 993 1150; x_wconf 92' lang='lat' dir='ltr'>Addi</span> <span class='ocrx_word' id='word_1_51' title='bbox 1012 1099 1126 1168; x_wconf 88' lang='lat' dir='ltr'>posset</span> <span class='ocrx_word' id='word_1_52' title='bbox 1154 1084 1297 1150; x_wconf 81' lang='lat' dir='ltr'>fortasse</span> <span class='ocrx_word' id='word_1_53' title='bbox 1321 1083 1380 1149; x_wconf 90' lang='lat' dir='ltr'>ubi</span> <span class='ocrx_word' id='word_1_54' title='bbox 1395 1094 1431 1151; x_wconf 90' lang='lat' dir='ltr'>et</span> 
     </span>
     <span class='ocr_line' id='line_1_7' title="bbox 189 1198 1229 1288; baseline -0.003 -21"><span class='ocrx_word' id='word_1_55' title='bbox 189 1202 333 1286; x_wconf 85' lang='lat' dir='ltr'>quando</span> <span class='ocrx_word' id='word_1_56' title='bbox 350 1201 497 1288; x_wconf 90' lang='lat' dir='ltr'>primum</span> <span class='ocrx_word' id='word_1_57' title='bbox 513 1199 637 1267; x_wconf 86' lang='lat' dir='ltr'>missae</span> <span class='ocrx_word' id='word_1_58' title='bbox 653 1199 859 1266; x_wconf 87' lang='lat' dir='ltr'>sacrificium</span> <span class='ocrx_word' id='word_1_59' title='bbox 874 1198 1047 1285; x_wconf 84' lang='lat' dir='ltr'>peregerit</span> <span class='ocrx_word' id='word_1_60' title='bbox 1064 1198 1229 1281; x_wconf 81' lang='lat' dir='ltr'>Ignatius.</span> 
     </span>
    </p>

    <p class='ocr_par' dir='ltr' id='par_1_4' title="bbox 191 1313 1434 2904">
     <span class='ocr_line' id='line_1_8' title="bbox 264 1313 1430 1404; baseline 0.002 -22"><span class='ocrx_word' id='word_1_61' title='bbox 264 1318 349 1404; x_wconf 76' lang='lat' dir='ltr'>Peg.</span> <span class='ocrx_word' id='word_1_62' title='bbox 366 1318 421 1383; x_wconf 88' lang='lat'>61.</span> <span class='ocrx_word' id='word_1_63' title='bbox 443 1318 528 1402; x_wconf 87' lang='lat' dir='ltr'>[Fol.</span> <span class='ocrx_word' id='word_1_64' title='bbox 548 1317 622 1397; x_wconf 81' lang='lat' dir='ltr'>61r3</span> <span class='ocrx_word' id='word_1_65' title='bbox 641 1317 665 1381; x_wconf 88' lang='lat' dir='ltr'>l.</span> <span class='ocrx_word' id='word_1_66' title='bbox 684 1317 725 1395; x_wconf 92' lang='lat' dir='ltr'>ll,</span> <span class='ocrx_word' id='word_1_67' title='bbox 743 1337 775 1382; x_wconf 91' lang='lat' dir='ltr'>c.</span> <span class='ocrx_word' id='word_1_68' title='bbox 795 1315 868 1401; x_wconf 88' lang='grc' dir='ltr'><strong>ΧΙ].</strong></span> <span class='ocrx_word' id='word_1_69' title='bbox 899 1315 1008 1401; x_wconf 71' lang='lat' dir='ltr'>«Ego,</span> <span class='ocrx_word' id='word_1_70' title='bbox 1034 1314 1157 1399; x_wconf 90' lang='lat' dir='ltr'>inquit,</span> <span class='ocrx_word' id='word_1_71' title='bbox 1179 1313 1278 1381; x_wconf 91' lang='lat' dir='ltr'>vobis</span> <span class='ocrx_word' id='word_1_72' title='bbox 1301 1313 1430 1384; x_wconf 81' lang='lat' dir='ltr'>Romae</span> 
     </span>
     <span class='ocr_line' id='line_1_9' title="bbox 191 1429 1426 1519; baseline -0.005 -21"><span class='ocrx_word' id='word_1_73' title='bbox 191 1432 361 1519; x_wconf 91' lang='lat' dir='ltr'>propitius</span> <span class='ocrx_word' id='word_1_74' title='bbox 377 1454 470 1502; x_wconf 72' lang='lat' dir='ltr'>ero.»</span> <span class='ocrx_word' id='word_1_75' title='bbox 491 1432 559 1499; x_wconf 90' lang='lat' dir='ltr'>Hic</span> <span class='ocrx_word' id='word_1_76' title='bbox 574 1431 670 1498; x_wconf 89' lang='lat' dir='ltr'>reddi</span> <span class='ocrx_word' id='word_1_77' title='bbox 687 1443 770 1518; x_wconf 93' lang='lat' dir='ltr'>puto</span> <span class='ocrx_word' id='word_1_78' title='bbox 798 1430 883 1497; x_wconf 92' lang='lat' dir='ltr'>illud</span> <span class='ocrx_word' id='word_1_79' title='bbox 911 1429 1055 1496; x_wconf 89' lang='lat' dir='ltr'>dictum:</span> <span class='ocrx_word' id='word_1_80' title='bbox 1085 1432 1139 1497; x_wconf 85' lang='lat' dir='ltr'>rlo</span> <span class='ocrx_word' id='word_1_81' title='bbox 1155 1434 1235 1498; x_wconf 82' lang='lat' dir='ltr'>saro</span> <span class='ocrx_word' id='word_1_82' title='bbox 1252 1451 1317 1497; x_wconf 89' lang='lat' dir='ltr'>con</span> <span class='ocrx_word' id='word_1_83' title='bbox 1336 1430 1426 1513; x_wconf 65' lang='lat' dir='ltr'>uoipr</span> 
     </span>
     <span class='ocr_line' id='line_1_10' title="bbox 191 1546 1431 1634; baseline -0.001 -20"><span class='ocrx_word' id='word_1_84' title='bbox 191 1548 244 1628; x_wconf 89' lang='lat' dir='ltr'>id,</span> <span class='ocrx_word' id='word_1_85' title='bbox 262 1550 355 1633; x_wconf 88' lang='lat' dir='ltr'>quod</span> <span class='ocrx_word' id='word_1_86' title='bbox 367 1549 477 1614; x_wconf 92' lang='lat' dir='ltr'>multo</span> <span class='ocrx_word' id='word_1_87' title='bbox 494 1548 572 1634; x_wconf 88' lang='lat' dir='ltr'>plus</span> <span class='ocrx_word' id='word_1_88' title='bbox 592 1547 626 1613; x_wconf 94' lang='lat' dir='ltr'>in</span> <span class='ocrx_word' id='word_1_89' title='bbox 647 1569 685 1614; x_wconf 92' lang='lat' dir='ltr'>se</span> <span class='ocrx_word' id='word_1_90' title='bbox 710 1546 876 1627; x_wconf 89' lang='lat' dir='ltr'>continet,</span> <span class='ocrx_word' id='word_1_91' title='bbox 896 1558 934 1612; x_wconf 94' lang='lat' dir='ltr'>ut</span> <span class='ocrx_word' id='word_1_92' title='bbox 960 1547 1117 1626; x_wconf 81' lang='lat' dir='ltr'>arbitror,</span> <span class='ocrx_word' id='word_1_93' title='bbox 1142 1568 1245 1631; x_wconf 90' lang='lat' dir='ltr'>quam</span> <span class='ocrx_word' id='word_1_94' title='bbox 1262 1547 1355 1632; x_wconf 90' lang='lat' dir='ltr'>quod</span> <span class='ocrx_word' id='word_1_95' title='bbox 1371 1569 1431 1632; x_wconf 91' lang='lat' dir='ltr'>per</span> 
     </span>
     <span class='ocr_line' id='line_1_11' title="bbox 192 1661 1431 1752; baseline 0 -23"><span class='ocrx_word' id='word_1_96' title='bbox 192 1684 321 1730; x_wconf 90' lang='lat' dir='ltr'>nomen</span> <span class='ocrx_word' id='word_1_97' title='bbox 341 1691 354 1726; x_wconf 76' lang='lat' dir='ltr'>r</span> <span class='ocrx_word' id='word_1_98' title='bbox 360 1663 547 1750; x_wconf 73' lang='lat' dir='ltr'>propitius»</span> <span class='ocrx_word' id='word_1_99' title='bbox 563 1661 865 1748; x_wconf 86' lang='lat' dir='ltr'>explicatur,·licet</span> <span class='ocrx_word' id='word_1_100' title='bbox 881 1665 946 1728; x_wconf 88' lang='lat' dir='ltr'>hoc</span> <span class='ocrx_word' id='word_1_101' title='bbox 962 1661 1099 1748; x_wconf 90' lang='lat' dir='ltr'>saepius</span> <span class='ocrx_word' id='word_1_102' title='bbox 1116 1673 1303 1752; x_wconf 78' lang='lat' dir='ltr'>repetatur.</span> <span class='ocrx_word' id='word_1_103' title='bbox 1322 1663 1431 1730; x_wconf 90' lang='lat' dir='ltr'>Dein·-</span> 
     </span>
     <span class='ocr_line' id='line_1_12' title="bbox 191 1772 1431 1866; baseline 0 -20"><span class='ocrx_word' id='word_1_104' title='bbox 191 1779 240 1846; x_wconf 88' lang='lat' dir='ltr'>de</span> <span class='ocrx_word' id='word_1_105' title='bbox 255 1778 453 1866; x_wconf 86' lang='lat' dir='ltr'>significant</span> <span class='ocrx_word' id='word_1_106' title='bbox 470 1780 575 1845; x_wconf 90' lang='lat' dir='ltr'>uerba</span> <span class='ocrx_word' id='word_1_107' title='bbox 586 1772 777 1863; x_wconf 74' lang='lat' dir='ltr'>sequentia,</span> <span class='ocrx_word' id='word_1_108' title='bbox 796 1780 888 1864; x_wconf 92' lang='lat' dir='ltr'>quod</span> <span class='ocrx_word' id='word_1_109' title='bbox 906 1778 1073 1864; x_wconf 65' lang='lat' dir='ltr'>[gnatius</span> <span class='ocrx_word' id='word_1_110' title='bbox 1089 1779 1264 1864; x_wconf 86' lang='lat' dir='ltr'>praeclaro</span> <span class='ocrx_word' id='word_1_111' title='bbox 1280 1777 1339 1844; x_wconf 91' lang='lat' dir='ltr'>illo</span> <span class='ocrx_word' id='word_1_112' title='bbox 1356 1780 1431 1846; x_wconf 88' lang='lat' dir='ltr'>uiso</span> 
     </span>
     <span class='ocr_line' id='line_1_13' title="bbox 192 1894 1431 1983; baseline -0.002 -21"><span class='ocrx_word' id='word_1_113' title='bbox 192 1895 379 1977; x_wconf 67' lang='lat' dir='ltr'>animatus</span> <span class='ocrx_word' id='word_1_114' title='bbox 409 1894 573 1981; x_wconf 90' lang='lat' dir='ltr'>appellari</span> <span class='ocrx_word' id='word_1_115' title='bbox 601 1894 711 1961; x_wconf 90' lang='lat' dir='ltr'>uoluit</span> <span class='ocrx_word' id='word_1_116' title='bbox 737 1894 943 1963; x_wconf 88' lang='lat' dir='ltr'>Societatem</span> <span class='ocrx_word' id='word_1_117' title='bbox 967 1895 1061 1983; x_wconf 86' lang='lat' dir='ltr'>Jesv.</span> <span class='ocrx_word' id='word_1_118' title='bbox 1091 1896 1250 1963; x_wconf 84' lang='lat' dir='ltr'>Fortasse</span> <span class='ocrx_word' id='word_1_119' title='bbox 1281 1916 1351 1962; x_wconf 92' lang='lat' dir='ltr'>non</span> <span class='ocrx_word' id='word_1_120' title='bbox 1378 1905 1431 1962; x_wconf 87' lang='lat' dir='ltr'>est</span> 
     </span>
     <span class='ocr_line' id='line_1_14' title="bbox 191 1995 1432 2097; baseline 0.002 -20"><span class='ocrx_word' id='word_1_121' title='bbox 191 2032 283 2097; x_wconf 88' lang='lat' dir='ltr'>opus</span> <span class='ocrx_word' id='word_1_122' title='bbox 295 2011 394 2078; x_wconf 85' lang='lat' dir='ltr'>fateri</span> <span class='ocrx_word' id='word_1_123' title='bbox 407 2013 495 2078; x_wconf 87' lang='lat' dir='ltr'>hanc</span> <span class='ocrx_word' id='word_1_124' title='bbox 510 2013 565 2079; x_wconf 92' lang='lat' dir='ltr'>uel</span> <span class='ocrx_word' id='word_1_125' title='bbox 578 1995 714 2077; x_wconf 88' lang='lat' dir='ltr'>unicam</span> <span class='ocrx_word' id='word_1_126' title='bbox 728 2011 782 2078; x_wconf 91' lang='lat' dir='ltr'>uel</span> <span class='ocrx_word' id='word_1_127' title='bbox 795 2011 1014 2097; x_wconf 88' lang='lat' dir='ltr'>praecipuam</span> <span class='ocrx_word' id='word_1_128' title='bbox 1028 2011 1161 2096; x_wconf 89' lang='lat' dir='ltr'>lgnatio</span> <span class='ocrx_word' id='word_1_129' title='bbox 1174 2031 1312 2085; x_wconf 88' lang='lat' dir='ltr'>causam</span> <span class='ocrx_word' id='word_1_130' title='bbox 1324 2010 1432 2080; x_wconf 87' lang='lat' dir='ltr'>fuisse</span> 
     </span>
     <span class='ocr_line' id='line_1_15' title="bbox 196 2125 1433 2213; baseline 0 -20"><span class='ocrx_word' id='word_1_131' title='bbox 196 2126 301 2193; x_wconf 91' lang='lat' dir='ltr'>huius</span> <span class='ocrx_word' id='word_1_132' title='bbox 316 2126 593 2213; x_wconf 88' lang='lat' dir='ltr'>nuncupationis.</span> <span class='ocrx_word' id='word_1_133' title='bbox 615 2128 842 2213; x_wconf 89' lang='lat' dir='ltr'>Percuperem</span> <span class='ocrx_word' id='word_1_134' title='bbox 859 2127 903 2192; x_wconf 88' lang='lat' dir='ltr'>de</span> <span class='ocrx_word' id='word_1_135' title='bbox 922 2129 988 2194; x_wconf 90' lang='lat' dir='ltr'>hoc</span> <span class='ocrx_word' id='word_1_136' title='bbox 1012 2125 1152 2192; x_wconf 88' lang='lat' dir='ltr'>nomine</span> <span class='ocrx_word' id='word_1_137' title='bbox 1178 2127 1275 2213; x_wconf 91' lang='lat' dir='ltr'>plura</span> <span class='ocrx_word' id='word_1_138' title='bbox 1295 2125 1376 2206; x_wconf 90' lang='lat' dir='ltr'>dici,</span> <span class='ocrx_word' id='word_1_139' title='bbox 1395 2137 1433 2193; x_wconf 87' lang='lat' dir='ltr'>ut</span> 
     </span>
     <span class='ocr_line' id='line_1_16' title="bbox 195 2241 1432 2330; baseline 0.001 -22"><span class='ocrx_word' id='word_1_140' title='bbox 195 2252 335 2308; x_wconf 89' lang='lat' dir='ltr'>constet</span> <span class='ocrx_word' id='word_1_141' title='bbox 350 2241 477 2308; x_wconf 89' lang='lat' dir='ltr'>clarius</span> <span class='ocrx_word' id='word_1_142' title='bbox 493 2263 554 2308; x_wconf 90' lang='lat' dir='ltr'>cur</span> <span class='ocrx_word' id='word_1_143' title='bbox 569 2243 613 2308; x_wconf 90' lang='lat' dir='ltr'>de</span> <span class='ocrx_word' id='word_1_144' title='bbox 637 2241 774 2308; x_wconf 87' lang='lat' dir='ltr'>nomine</span> <span class='ocrx_word' id='word_1_145' title='bbox 795 2241 978 2310; x_wconf 89' lang='lat' dir='ltr'>Societatis</span> <span class='ocrx_word' id='word_1_146' title='bbox 994 2244 1075 2330; x_wconf 84' lang='lat' dir='ltr'>Jesv</span> <span class='ocrx_word' id='word_1_147' title='bbox 1097 2243 1320 2328; x_wconf 86' lang='lat' dir='ltr'>appellemur,</span> <span class='ocrx_word' id='word_1_148' title='bbox 1338 2253 1372 2310; x_wconf 87' lang='lat' dir='ltr'>et</span> <span class='ocrx_word' id='word_1_149' title='bbox 1389 2263 1432 2309; x_wconf 87' lang='lat' dir='ltr'>ne</span> 
     </span>
     <span class='ocr_line' id='line_1_17' title="bbox 197 2356 1428 2444; baseline 0 -20"><span class='ocrx_word' id='word_1_150' title='bbox 197 2358 311 2425; x_wconf 90' lang='lat' dir='ltr'>solum</span> <span class='ocrx_word' id='word_1_151' title='bbox 338 2379 441 2424; x_wconf 90' lang='lat' dir='ltr'>causa</span> <span class='ocrx_word' id='word_1_152' title='bbox 455 2360 632 2427; x_wconf 79' lang='lat' dir='ltr'>&#39;referatur</span> <span class='ocrx_word' id='word_1_153' title='bbox 659 2358 702 2424; x_wconf 90' lang='lat' dir='ltr'>ad</span> <span class='ocrx_word' id='word_1_154' title='bbox 730 2356 973 2425; x_wconf 88' lang='lat' dir='ltr'>reuelationem</span> <span class='ocrx_word' id='word_1_155' title='bbox 998 2357 1101 2424; x_wconf 88' lang='lat' dir='ltr'>semel</span> <span class='ocrx_word' id='word_1_156' title='bbox 1130 2359 1253 2424; x_wconf 82' lang='lat' dir='ltr'>factam</span> <span class='ocrx_word' id='word_1_157' title='bbox 1283 2357 1428 2444; x_wconf 88' lang='lat' dir='ltr'>Ignatio.</span> 
     </span>
     <span class='ocr_line' id='line_1_18' title="bbox 197 2472 1434 2560; baseline -0.003 -18"><span class='ocrx_word' id='word_1_158' title='bbox 197 2473 300 2542; x_wconf 88' lang='lat' dir='ltr'>Multi</span> <span class='ocrx_word' id='word_1_159' title='bbox 316 2496 398 2540; x_wconf 88' lang='lat' dir='ltr'>sane</span> <span class='ocrx_word' id='word_1_160' title='bbox 414 2483 538 2560; x_wconf 88' lang='lat' dir='ltr'>rogant</span> <span class='ocrx_word' id='word_1_161' title='bbox 554 2474 750 2560; x_wconf 82' lang='lat' dir='ltr'>frequenter</span> <span class='ocrx_word' id='word_1_162' title='bbox 764 2474 808 2539; x_wconf 91' lang='lat' dir='ltr'>de</span> <span class='ocrx_word' id='word_1_163' title='bbox 824 2474 890 2538; x_wconf 92' lang='lat' dir='ltr'>hoc</span> <span class='ocrx_word' id='word_1_164' title='bbox 905 2473 1054 2554; x_wconf 89' lang='lat' dir='ltr'>nomine,</span> <span class='ocrx_word' id='word_1_165' title='bbox 1073 2473 1198 2559; x_wconf 89' lang='lat' dir='ltr'>quibus</span> <span class='ocrx_word' id='word_1_166' title='bbox 1215 2473 1273 2539; x_wconf 83' lang='lat' dir='ltr'>uix</span> <span class='ocrx_word' id='word_1_167' title='bbox 1290 2472 1434 2542; x_wconf 87' lang='lat' dir='ltr'>satisfiet</span> 
     </span>
     <span class='ocr_line' id='line_1_19' title="bbox 198 2587 1431 2675; baseline 0 -21"><span class='ocrx_word' id='word_1_168' title='bbox 198 2588 235 2654; x_wconf 94' lang='lat' dir='ltr'>in</span> <span class='ocrx_word' id='word_1_169' title='bbox 252 2590 318 2654; x_wconf 88' lang='lat' dir='ltr'>hac</span> <span class='ocrx_word' id='word_1_170' title='bbox 338 2589 450 2675; x_wconf 89' lang='lat' dir='ltr'>operis</span> <span class='ocrx_word' id='word_1_171' title='bbox 472 2597 567 2674; x_wconf 89' lang='lat' dir='ltr'>parte</span> <span class='ocrx_word' id='word_1_172' title='bbox 586 2587 605 2656; x_wconf 76' lang='lat'>¹.</span> <span class='ocrx_word' id='word_1_173' title='bbox 629 2588 722 2674; x_wconf 85' lang='lat' dir='ltr'>Quid</span> <span class='ocrx_word' id='word_1_174' title='bbox 743 2587 771 2655; x_wconf 92' lang='lat' dir='ltr'>si</span> <span class='ocrx_word' id='word_1_175' title='bbox 792 2587 1013 2675; x_wconf 89' lang='lat' dir='ltr'>adiungatur,</span> <span class='ocrx_word' id='word_1_176' title='bbox 1035 2589 1128 2672; x_wconf 90' lang='lat' dir='ltr'>quod</span> <span class='ocrx_word' id='word_1_177' title='bbox 1145 2587 1348 2672; x_wconf 88' lang='lat' dir='ltr'>jesuitarum</span> <span class='ocrx_word' id='word_1_178' title='bbox 1369 2610 1431 2655; x_wconf 88' lang='lat' dir='ltr'>no-</span> 
     </span>
     <span class='ocr_line' id='line_1_20' title="bbox 199 2702 1433 2791; baseline -0.001 -22"><span class='ocrx_word' id='word_1_179' title='bbox 199 2727 292 2791; x_wconf 81' lang='lat' dir='ltr'>men,</span> <span class='ocrx_word' id='word_1_180' title='bbox 312 2705 361 2770; x_wconf 88' lang='lat' dir='ltr'>uti</span> <span class='ocrx_word' id='word_1_181' title='bbox 378 2704 552 2790; x_wconf 86' lang='lat' dir='ltr'>plaerique</span> <span class='ocrx_word' id='word_1_182' title='bbox 569 2713 702 2790; x_wconf 89' lang='lat' dir='ltr'>putant,</span> <span class='ocrx_word' id='word_1_183' title='bbox 720 2724 907 2788; x_wconf 90' lang='lat' dir='ltr'>numquam</span> <span class='ocrx_word' id='word_1_184' title='bbox 928 2702 1027 2776; x_wconf 86' lang='lat' dir='ltr'>nobis</span> <span class='ocrx_word' id='word_1_185' title='bbox 1049 2702 1337 2789; x_wconf 88' lang='lat' dir='ltr'>arrogauerimus.</span> <span class='ocrx_word' id='word_1_186' title='bbox 1365 2706 1433 2770; x_wconf 90' lang='lat' dir='ltr'>Lo-</span> 
     </span>
     <span class='ocr_line' id='line_1_21' title="bbox 201 2819 799 2904; baseline 0 -17"><span class='ocrx_word' id='word_1_187' title='bbox 201 2819 294 2887; x_wconf 88' lang='lat' dir='ltr'>uanii</span> <span class='ocrx_word' id='word_1_188' title='bbox 311 2821 434 2886; x_wconf 87' lang='lat' dir='ltr'>nostris</span> <span class='ocrx_word' id='word_1_189' title='bbox 450 2819 595 2886; x_wconf 89' lang='lat' dir='ltr'>inditum</span> <span class='ocrx_word' id='word_1_190' title='bbox 613 2841 689 2886; x_wconf 89' lang='lat' dir='ltr'>esse</span> <span class='ocrx_word' id='word_1_191' title='bbox 705 2830 799 2904; x_wconf 92' lang='lat' dir='ltr'>put0.</span> 
     </span>
    </p>

    <p class='ocr_par' dir='ltr' id='par_1_5' title="bbox 200 2933 1432 3253">
     <span class='ocr_line' id='line_1_22' title="bbox 268 2933 1432 3022; baseline 0.001 -20"><span class='ocrx_word' id='word_1_192' title='bbox 268 2935 374 3004; x_wconf 88' lang='lat' dir='ltr'>Linea</span> <span class='ocrx_word' id='word_1_193' title='bbox 392 2936 446 3018; x_wconf 87' lang='lat'>76.</span> <span class='ocrx_word' id='word_1_194' title='bbox 465 2933 551 3022; x_wconf 86' lang='lat' dir='ltr'>[Fol.</span> <span class='ocrx_word' id='word_1_195' title='bbox 571 2935 644 3017; x_wconf 90' lang='lat' dir='ltr'>76r;</span> <span class='ocrx_word' id='word_1_196' title='bbox 663 2935 682 3001; x_wconf 93' lang='lat' dir='ltr'>l.</span> <span class='ocrx_word' id='word_1_197' title='bbox 700 2936 742 3011; x_wconf 91' lang='lat' dir='ltr'>ll,</span> <span class='ocrx_word' id='word_1_198' title='bbox 760 2956 793 3015; x_wconf 93' lang='lat' dir='ltr'>c,</span> <span class='ocrx_word' id='word_1_199' title='bbox 810 2936 921 3017; x_wconf 88' lang='lat' dir='ltr'>XVII,</span> <span class='ocrx_word' id='word_1_200' title='bbox 935 2955 1111 3020; x_wconf 88' lang='lat' dir='ltr'>perperam</span> <span class='ocrx_word' id='word_1_201' title='bbox 1128 2934 1292 3020; x_wconf 90' lang='lat' dir='ltr'>scriptum</span> <span class='ocrx_word' id='word_1_202' title='bbox 1309 2935 1432 3022; x_wconf 82' lang='lat' dir='ltr'>VXll].</span> 
     </span>
     <span class='ocr_line' id='line_1_23' title="bbox 201 3036 1431 3138; baseline 0.005 -26"><span class='ocrx_word' id='word_1_203' title='bbox 201 3062 258 3119; x_wconf 74' lang='lat' dir='ltr'>ret</span> <span class='ocrx_word' id='word_1_204' title='bbox 274 3051 449 3138; x_wconf 87' lang='lat' dir='ltr'>pontificio</span> <span class='ocrx_word' id='word_1_205' title='bbox 464 3053 580 3116; x_wconf 86' lang='lat' dir='ltr'>afflatu</span> <span class='ocrx_word' id='word_1_206' title='bbox 597 3050 752 3136; x_wconf 88' lang='lat' dir='ltr'>spiritum</span> <span class='ocrx_word' id='word_1_207' title='bbox 760 3036 834 3117; x_wconf 75' lang='lat' dir='ltr'>&#39;Dei</span> <span class='ocrx_word' id='word_1_208' title='bbox 850 3049 908 3116; x_wconf 90' lang='lat' dir='ltr'>hic</span> <span class='ocrx_word' id='word_1_209' title='bbox 924 3071 1000 3118; x_wconf 84' lang='lat' dir='ltr'>esse</span> <span class='ocrx_word' id='word_1_210' title='bbox 1015 3048 1111 3116; x_wconf 84' lang='lat' dir='ltr'>dixit.</span> <span class='ocrx_word' id='word_1_211' title='bbox 1121 3050 1149 3138; x_wconf 88' lang='lat'>»]</span> <span class='ocrx_word' id='word_1_212' title='bbox 1163 3049 1254 3128; x_wconf 89' lang='lat' dir='ltr'>Satis</span> <span class='ocrx_word' id='word_1_213' title='bbox 1272 3051 1431 3133; x_wconf 83' lang='lat' dir='ltr'>obscure,</span> 
     </span>
     <span class='ocr_line' id='line_1_24' title="bbox 200 3165 810 3253; baseline 0 -21"><span class='ocrx_word' id='word_1_214' title='bbox 200 3178 239 3232; x_wconf 92' lang='lat' dir='ltr'>ut</span> <span class='ocrx_word' id='word_1_215' title='bbox 257 3168 315 3233; x_wconf 87' lang='lat' dir='ltr'>uix</span> <span class='ocrx_word' id='word_1_216' title='bbox 332 3188 399 3253; x_wconf 87' lang='lat' dir='ltr'>ego</span> <span class='ocrx_word' id='word_1_217' title='bbox 414 3165 619 3233; x_wconf 88' lang='lat' dir='ltr'>sententiam</span> <span class='ocrx_word' id='word_1_218' title='bbox 635 3187 810 3250; x_wconf 86' lang='lat' dir='ltr'>assequar.</span> 
     </span>
    </p>

    <p class='ocr_par' dir='ltr' id='par_1_6' title="bbox 201 3281 1435 3486">
     <span class='ocr_line' id='line_1_25' title="bbox 270 3281 1435 3371; baseline 0.001 -22"><span class='ocrx_word' id='word_1_219' title='bbox 270 3285 357 3369; x_wconf 87' lang='lat' dir='ltr'>Pag.</span> <span class='ocrx_word' id='word_1_220' title='bbox 383 3283 437 3366; x_wconf 84' lang='lat'>83.</span> <span class='ocrx_word' id='word_1_221' title='bbox 462 3285 491 3349; x_wconf 90' lang='lat' dir='ltr'><strong>B</strong></span> <span class='ocrx_word' id='word_1_222' title='bbox 516 3281 602 3368; x_wconf 88' lang='lat' dir='ltr'>[Fol.</span> <span class='ocrx_word' id='word_1_223' title='bbox 632 3284 715 3366; x_wconf 86' lang='lat' dir='ltr'><strong>83v;</strong></span> <span class='ocrx_word' id='word_1_224' title='bbox 739 3283 761 3348; x_wconf 93' lang='lat' dir='ltr'>l.</span> <span class='ocrx_word' id='word_1_225' title='bbox 791 3283 853 3361; x_wconf 88' lang='lat' dir='ltr'>Ill,</span> <span class='ocrx_word' id='word_1_226' title='bbox 882 3303 914 3348; x_wconf 90' lang='lat' dir='ltr'>c.</span> <span class='ocrx_word' id='word_1_227' title='bbox 945 3281 1025 3371; x_wconf 72' lang='lat' dir='ltr'>lllll.</span> <span class='ocrx_word' id='word_1_228' title='bbox 1056 3282 1172 3366; x_wconf 64' lang='lat' dir='ltr'>«quasi</span> <span class='ocrx_word' id='word_1_229' title='bbox 1202 3283 1435 3368; x_wconf 88' lang='lat' dir='ltr'>speculatores</span> 
     </span>
     <span class='ocr_line' id='line_1_26' title="bbox 201 3397 1242 3486; baseline -0.003 -21"><span class='ocrx_word' id='word_1_230' title='bbox 201 3398 364 3485; x_wconf 87' lang='lat' dir='ltr'>Lugduni</span> <span class='ocrx_word' id='word_1_231' title='bbox 380 3397 606 3486; x_wconf 65' lang='lat' dir='ltr'>interceptio]⁴</span> <span class='ocrx_word' id='word_1_232' title='bbox 626 3397 794 3465; x_wconf 85' lang='lat' dir='ltr'>Vsitatius</span> <span class='ocrx_word' id='word_1_233' title='bbox 809 3398 983 3466; x_wconf 87' lang='lat' dir='ltr'>diceretur</span> <span class='ocrx_word' id='word_1_234' title='bbox 997 3398 1242 3482; x_wconf 81' lang='lat' dir='ltr'>exploratores</span> 
     </span>
    </p>

    <p class='ocr_par' dir='ltr' id='par_1_7' title="bbox 183 3492 1436 3950">
     <span class='ocr_line' id='line_1_27' title="bbox 269 3492 1435 3602; baseline 0 -21"><span class='ocrx_word' id='word_1_235' title='bbox 269 3513 377 3581; x_wconf 88' lang='lat' dir='ltr'>Linea</span> <span class='ocrx_word' id='word_1_236' title='bbox 394 3515 436 3594; x_wconf 84' lang='grc'>84</span> <span class='ocrx_word' id='word_1_237' title='bbox 452 3492 538 3601; x_wconf 80' lang='lat' dir='ltr'>[For.</span> <span class='ocrx_word' id='word_1_238' title='bbox 562 3514 763 3597; x_wconf 81' lang='lat' dir='ltr'>83v-84r31.</span> <span class='ocrx_word' id='word_1_239' title='bbox 788 3514 844 3593; x_wconf 89' lang='grc' dir='ltr'><strong>ΙΙΙ,</strong></span> <span class='ocrx_word' id='word_1_240' title='bbox 863 3513 1000 3602; x_wconf 87' lang='lat' dir='ltr'>c.1111].</span> <span class='ocrx_word' id='word_1_241' title='bbox 1020 3515 1122 3580; x_wconf 89' lang='lat' dir='ltr'>Plura</span> <span class='ocrx_word' id='word_1_242' title='bbox 1142 3512 1210 3579; x_wconf 91' lang='lat' dir='ltr'>dici</span> <span class='ocrx_word' id='word_1_243' title='bbox 1231 3525 1372 3600; x_wconf 88' lang='lat' dir='ltr'>possent</span> <span class='ocrx_word' id='word_1_244' title='bbox 1392 3515 1435 3581; x_wconf 87' lang='lat' dir='ltr'>de</span> 
     </span>
     <span class='ocr_line' id='line_1_28' title="bbox 200 3603 1436 3716; baseline -0.001 -20"><span class='ocrx_word' id='word_1_245' title='bbox 200 3631 243 3696; x_wconf 94' lang='lat' dir='ltr'>P.</span> <span class='ocrx_word' id='word_1_246' title='bbox 263 3630 451 3710; x_wconf 89' lang='lat' dir='ltr'>Bobadilla,</span> <span class='ocrx_word' id='word_1_247' title='bbox 470 3641 508 3695; x_wconf 90' lang='lat' dir='ltr'>ut</span> <span class='ocrx_word' id='word_1_248' title='bbox 527 3629 577 3696; x_wconf 90' lang='lat' dir='ltr'>sic</span> <span class='ocrx_word' id='word_1_249' title='bbox 597 3603 783 3716; x_wconf 78' lang='lat' dir='ltr'>legeretur:</span> <span class='ocrx_word' id='word_1_250' title='bbox 809 3628 954 3694; x_wconf 83' lang='lat' dir='ltr'>«missus</span> <span class='ocrx_word' id='word_1_251' title='bbox 978 3630 1077 3714; x_wconf 85' lang='lat' dir='ltr'>est»]:</span> <span class='ocrx_word' id='word_1_252' title='bbox 1102 3631 1156 3696; x_wconf 88' lang='lat' dir='ltr'>Ac</span> <span class='ocrx_word' id='word_1_253' title='bbox 1172 3628 1288 3695; x_wconf 87' lang='lat' dir='ltr'>multis</span> <span class='ocrx_word' id='word_1_254' title='bbox 1311 3628 1436 3698; x_wconf 92' lang='lat' dir='ltr'>deinde</span> 
     </span>
     <span class='ocr_line' id='line_1_29' title="bbox 183 3721 1435 3832; baseline -0.002 -19"><span class='ocrx_word' id='word_1_255' title='bbox 183 3721 301 3814; x_wconf 56' lang='lat' dir='ltr'>‘annis</span> <span class='ocrx_word' id='word_1_256' title='bbox 316 3747 409 3832; x_wconf 85' lang='lat' dir='ltr'>apud</span> <span class='ocrx_word' id='word_1_257' title='bbox 429 3767 612 3832; x_wconf 84' lang='lat' dir='ltr'>germanos</span> <span class='ocrx_word' id='word_1_258' title='bbox 632 3747 679 3811; x_wconf 89' lang='lat' dir='ltr'>ita</span> <span class='ocrx_word' id='word_1_259' title='bbox 699 3755 867 3826; x_wconf 85' lang='lat' dir='ltr'>versatus,</span> <span class='ocrx_word' id='word_1_260' title='bbox 894 3755 932 3810; x_wconf 93' lang='lat' dir='ltr'>ut</span> <span class='ocrx_word' id='word_1_261' title='bbox 948 3766 1032 3832; x_wconf 89' lang='lat' dir='ltr'>pace</span> <span class='ocrx_word' id='word_1_262' title='bbox 1053 3744 1213 3830; x_wconf 88' lang='lat' dir='ltr'>belloque</span> <span class='ocrx_word' id='word_1_263' title='bbox 1233 3745 1366 3812; x_wconf 86' lang='lat' dir='ltr'>labores</span> <span class='ocrx_word' id='word_1_264' title='bbox 1382 3744 1435 3810; x_wconf 92' lang='lat' dir='ltr'>in-</span> 
     </span>
     <span class='ocr_line' id='line_1_30' title="bbox 202 3859 1435 3950; baseline -0.002 -22"><span class='ocrx_word' id='word_1_265' title='bbox 202 3874 326 3950; x_wconf 88' lang='lat' dir='ltr'>gentes</span> <span class='ocrx_word' id='word_1_266' title='bbox 347 3883 410 3930; x_wconf 87' lang='lat' dir='ltr'>nec</span> <span class='ocrx_word' id='word_1_267' title='bbox 433 3862 523 3931; x_wconf 91' lang='lat' dir='ltr'>leuia</span> <span class='ocrx_word' id='word_1_268' title='bbox 550 3863 701 3948; x_wconf 91' lang='lat' dir='ltr'>pericula</span> <span class='ocrx_word' id='word_1_269' title='bbox 728 3859 928 3941; x_wconf 81' lang='lat' dir='ltr'>exantlauit,</span> <span class='ocrx_word' id='word_1_270' title='bbox 955 3882 996 3928; x_wconf 90' lang='lat' dir='ltr'>ac</span> <span class='ocrx_word' id='word_1_271' title='bbox 1012 3883 1073 3947; x_wconf 94' lang='lat' dir='ltr'>pro</span> <span class='ocrx_word' id='word_1_272' title='bbox 1101 3859 1271 3927; x_wconf 88' lang='lat' dir='ltr'>catholica</span> <span class='ocrx_word' id='word_1_273' title='bbox 1299 3859 1435 3945; x_wconf 90' lang='lat' dir='ltr'>quidem</span> 
     </span>
    </p>
   </div>
   <div class='ocr_carea' id='block_1_3' title="bbox 200 3975 1544 4064">
    <p class='ocr_par' dir='ltr' id='par_1_8' title="bbox 200 3975 1544 4064">
     <span class='ocr_line' id='line_1_31' title="bbox 200 3975 1544 4064; baseline -0.001 -20"><span class='ocrx_word' id='word_1_274' title='bbox 200 3977 369 4064; x_wconf 87' lang='lat' dir='ltr'>religione</span> <span class='ocrx_word' id='word_1_275' title='bbox 385 3977 556 4064; x_wconf 87' lang='lat' dir='ltr'>gnauiter,</span> <span class='ocrx_word' id='word_1_276' title='bbox 574 3976 773 4064; x_wconf 87' lang='lat' dir='ltr'>praesertim</span> <span class='ocrx_word' id='word_1_277' title='bbox 788 3977 824 4043; x_wconf 92' lang='lat' dir='ltr'>in</span> <span class='ocrx_word' id='word_1_278' title='bbox 841 3975 986 4043; x_wconf 90' lang='lat' dir='ltr'>comitiis</span> <span class='ocrx_word' id='word_1_279' title='bbox 1007 3975 1138 4063; x_wconf 90' lang='lat' dir='ltr'>imperii</span> <span class='ocrx_word' id='word_1_280' title='bbox 1155 3975 1299 4043; x_wconf 66' lang='lat' dir='ltr'>crebrol&#39;</span> <span class='ocrx_word' id='word_1_281' title='bbox 1316 3977 1436 4044; x_wconf 85' lang='lat' dir='ltr'>de&#39;cer-</span> <span class='ocrx_word' id='word_1_282' title='bbox 1542 3991 1544 3998; x_wconf 80' lang='grc'><em>’</em></span> 
     </span>
    </p>
   </div>
   <div class='ocr_carea' id='block_1_4' title="bbox 202 4091 1322 4186">
    <p class='ocr_par' dir='ltr' id='par_1_9' title="bbox 202 4091 1322 4186">
     <span class='ocr_line' id='line_1_32' title="bbox 202 4091 1322 4186; baseline 0.003 -26"><span class='ocrx_word' id='word_1_283' title='bbox 202 4094 301 4160; x_wconf 92' lang='lat' dir='ltr'>tauit.</span> <span class='ocrx_word' id='word_1_284' title='bbox 323 4093 430 4179; x_wconf 86' lang='lat' dir='ltr'>Igitur</span> <span class='ocrx_word' id='word_1_285' title='bbox 449 4116 510 4160; x_wconf 84' lang='lat' dir='ltr'>«err</span> <span class='ocrx_word' id='word_1_286' title='bbox 528 4091 594 4172; x_wconf 89' lang='lat' dir='ltr'>his,</span> <span class='ocrx_word' id='word_1_287' title='bbox 613 4114 702 4178; x_wconf 88' lang='lat' dir='ltr'>quae</span> <span class='ocrx_word' id='word_1_288' title='bbox 717 4092 877 4176; x_wconf 66' lang='lat' dir='ltr'>diximus</span> <span class='ocrx_word' id='word_1_289' title='bbox 893 4091 1043 4186; x_wconf 91' lang='lat' dir='ltr'>perspici</span> <span class='ocrx_word' id='word_1_290' title='bbox 1058 4104 1190 4178; x_wconf 84' lang='lat' dir='ltr'>potest»</span> <span class='ocrx_word' id='word_1_291' title='bbox 1209 4091 1236 4174; x_wconf 62' lang='lat' dir='ltr'>k,</span> <span class='ocrx_word' id='word_1_292' title='bbox 1255 4103 1322 4163; x_wconf 88' lang='lat' dir='ltr'>ete.</span> 
     </span>
    </p>
   </div>
   <div class='ocr_carea' id='block_1_5' title="bbox 201 4334 1438 4766">
    <p class='ocr_par' dir='ltr' id='par_1_10' title="bbox 201 4334 1438 4766">
     <span class='ocr_line' id='line_1_33' title="bbox 257 4334 1438 4407; baseline -0.001 -16"><span class='ocrx_word' id='word_1_293' title='bbox 257 4354 271 4391; x_wconf 86' lang='lat' dir='ltr'>s</span> <span class='ocrx_word' id='word_1_294' title='bbox 308 4334 695 4400; x_wconf 79' lang='lat' dir='ltr'>EmendatumaCanisio,</span> <span class='ocrx_word' id='word_1_295' title='bbox 709 4335 799 4407; x_wconf 75' lang='lat' dir='ltr'>prius</span> <span class='ocrx_word' id='word_1_296' title='bbox 810 4335 959 4405; x_wconf 74' lang='lat' dir='ltr'>scriptum</span> <span class='ocrx_word' id='word_1_297' title='bbox 967 4334 1089 4407; x_wconf 79' lang='lat' dir='ltr'>fuerat:</span> <span class='ocrx_word' id='word_1_298' title='bbox 1104 4335 1171 4392; x_wconf 88' lang='lat' dir='ltr'>sibi.</span> <span class='ocrx_word' id='word_1_299' title='bbox 1210 4338 1261 4378; x_wconf 84' lang='lat' dir='ltr'>-h</span> <span class='ocrx_word' id='word_1_300' title='bbox 1279 4336 1438 4391; x_wconf 82' lang='lat' dir='ltr'>Haecduo</span> 
     </span>
     <span class='ocr_line' id='line_1_34' title="bbox 201 4424 1437 4498; baseline -0.002 -16"><span class='ocrx_word' id='word_1_301' title='bbox 201 4425 293 4482; x_wconf 76' lang='lat' dir='ltr'>verta</span> <span class='ocrx_word' id='word_1_302' title='bbox 307 4427 430 4480; x_wconf 78' lang='lat' dir='ltr'>addidit</span> <span class='ocrx_word' id='word_1_303' title='bbox 444 4424 597 4481; x_wconf 71' lang='lat' dir='ltr'>canisius.</span> <span class='ocrx_word' id='word_1_304' title='bbox 636 4426 679 4466; x_wconf 82' lang='lat' dir='ltr'>-i</span> <span class='ocrx_word' id='word_1_305' title='bbox 699 4425 786 4479; x_wconf 80' lang='lat' dir='ltr'>Duas</span> <span class='ocrx_word' id='word_1_306' title='bbox 797 4429 949 4495; x_wconf 75' lang='lat' dir='ltr'>sequentes</span> <span class='ocrx_word' id='word_1_307' title='bbox 958 4425 1100 4495; x_wconf 75' lang='lat' dir='ltr'>periodos</span> <span class='ocrx_word' id='word_1_308' title='bbox 1112 4425 1235 4481; x_wconf 67' lang='lat' dir='ltr'>reddedit</span> <span class='ocrx_word' id='word_1_309' title='bbox 1246 4426 1279 4480; x_wconf 85' lang='lat' dir='ltr'>in</span> <span class='ocrx_word' id='word_1_310' title='bbox 1294 4426 1437 4498; x_wconf 78' lang='lat' dir='ltr'>margins</span> 
     </span>
     <span class='ocr_line' id='line_1_35' title="bbox 206 4513 1438 4592; baseline -0.005 -19"><span class='ocrx_word' id='word_1_311' title='bbox 206 4517 360 4574; x_wconf 82' lang='lat' dir='ltr'>Canisius.</span> <span class='ocrx_word' id='word_1_312' title='bbox 400 4517 442 4567; x_wconf 79' lang='lat' dir='ltr'>-i</span> <span class='ocrx_word' id='word_1_313' title='bbox 461 4513 788 4571; x_wconf 80' lang='lat' dir='ltr'>AdditumoCanisio.</span> <span class='ocrx_word' id='word_1_314' title='bbox 825 4518 876 4558; x_wconf 80' lang='lat' dir='ltr'>-k</span> <span class='ocrx_word' id='word_1_315' title='bbox 895 4515 987 4586; x_wconf 79' lang='lat' dir='ltr'>Apud</span> <span class='ocrx_word' id='word_1_316' title='bbox 996 4515 1234 4592; x_wconf 75' lang='lat' dir='ltr'>Ribndeneiram</span> <span class='ocrx_word' id='word_1_317' title='bbox 1245 4514 1438 4571; x_wconf 81' lang='lat' dir='ltr'>diciturtan-</span> 
     </span>
     <span class='ocr_line' id='line_1_36' title="bbox 202 4602 1435 4676; baseline -0.003 -14"><span class='ocrx_word' id='word_1_318' title='bbox 202 4613 281 4662; x_wconf 84' lang='lat' dir='ltr'>tum:</span> <span class='ocrx_word' id='word_1_319' title='bbox 304 4605 444 4660; x_wconf 86' lang='lat' dir='ltr'>Nicolaus</span> <span class='ocrx_word' id='word_1_320' title='bbox 465 4603 629 4673; x_wconf 78' lang='lat' dir='ltr'>Bobadilla,</span> <span class='ocrx_word' id='word_1_321' title='bbox 652 4603 835 4676; x_wconf 77' lang='lat' dir='ltr'>professione</span> <span class='ocrx_word' id='word_1_322' title='bbox 856 4602 965 4676; x_wconf 80' lang='lat' dir='ltr'>aedita,</span> <span class='ocrx_word' id='word_1_323' title='bbox 980 4604 1011 4659; x_wconf 89' lang='lat' dir='ltr'>in</span> <span class='ocrx_word' id='word_1_324' title='bbox 1034 4604 1234 4676; x_wconf 83' lang='lat' dir='ltr'>Germaniam,</span> <span class='ocrx_word' id='word_1_325' title='bbox 1249 4605 1336 4660; x_wconf 87' lang='lat' dir='ltr'>Pont.</span> <span class='ocrx_word' id='word_1_326' title='bbox 1356 4604 1435 4659; x_wconf 85' lang='lat' dir='ltr'>Max.</span> 
     </span>
     <span class='ocr_line' id='line_1_37' title="bbox 204 4692 1222 4766; baseline -0.002 -14"><span class='ocrx_word' id='word_1_327' title='bbox 204 4697 288 4752; x_wconf 89' lang='lat' dir='ltr'>iussu</span> <span class='ocrx_word' id='word_1_328' title='bbox 301 4695 409 4750; x_wconf 89' lang='lat' dir='ltr'>missus</span> <span class='ocrx_word' id='word_1_329' title='bbox 422 4702 483 4749; x_wconf 87' lang='lat' dir='ltr'>est.</span> <span class='ocrx_word' id='word_1_330' title='bbox 499 4693 537 4749; x_wconf 90' lang='lat' dir='ltr'>Et</span> <span class='ocrx_word' id='word_1_331' title='bbox 552 4701 584 4750; x_wconf 90' lang='lat' dir='ltr'>ut</span> <span class='ocrx_word' id='word_1_332' title='bbox 596 4693 690 4764; x_wconf 82' lang='lat' dir='ltr'>exiis,</span> <span class='ocrx_word' id='word_1_333' title='bbox 705 4710 781 4766; x_wconf 82' lang='lat' dir='ltr'>quae</span> <span class='ocrx_word' id='word_1_334' title='bbox 793 4692 934 4764; x_wconf 82' lang='lat' dir='ltr'>diximus,</span> <span class='ocrx_word' id='word_1_335' title='bbox 949 4693 1076 4766; x_wconf 83' lang='lat' dir='ltr'>perspici</span> <span class='ocrx_word' id='word_1_336' title='bbox 1090 4701 1222 4766; x_wconf 89' lang='lat' dir='ltr'>potest...</span> 
     </span>
    </p>
   </div>
   <div class='ocr_carea' id='block_1_6' title="bbox 0 0 1765 5367">
    <p class='ocr_par' dir='ltr' id='par_1_11' title="bbox 0 0 1765 5367">
     <span class='ocr_line' id='line_1_38' title="bbox 0 0 1765 5367; baseline 0 0"><span class='ocrx_word' id='word_1_337' title='bbox 0 0 1765 5367; x_wconf 95' lang='lat' dir='ltr'> </span> 
     </span>
    </p>
   </div>
  </div>
 </body>
</html>
