3500 5367
466 380 514 433 Dr
533 391 626 436 acris
645 380 676 437 S.
697 380 822 440 tanniu
839 394 860 435 a
879 380 1102 439 Rmrneurrsa
1310 376 1365 451 339

161 533 475 617 deuorandumque
502 533 747 619 relinquerent:
769 534 830 601 sed
852 554 931 601 curn
956 533 1056 600 nauis
1079 555 1167 621 pene
1189 534 1235 601 ad
1253 532 1402 601 insulam

162 660 263 716 esset
277 650 431 734 appulsa,
449 649 564 716 subito
580 659 615 717 et
633 648 830 718 uehementi
847 660 953 717 uento
968 650 1110 735 repulsi,
1128 648 1330 717 meditatum
1350 650 1403 716 fa-

167 764 268 830 cinus
285 779 480 850 perpetrare
496 763 635 832 minime
651 775 852 853 potuerunt.
872 768 950 852 Ego
965 765 1083 833 audiui
1100 788 1191 833 anno
1208 784 1252 848 40
1269 767 1326 833 uel
1344 785 1400 848 41,

163 900 239 964 quo
255 888 410 964 tempore
426 880 596 946 recentior
611 892 685 947 erat
705 879 868 975 memoria
889 891 926 947 et
944 901 1057 947 sermo
1078 881 1123 949 de
1147 883 1249 949 Patre
1270 860 1404 968 Ignatio

171 993 384 1079 frequentior
399 994 510 1063 t-R.

240 1127 272 1195 5.
322 1112 407 1178 Item
436 1132 515 1177 cum
544 1111 579 1177 in
611 1112 743 1198 Cypr0,
777 1111 1029 1197 Hierosolymis
1060 1123 1257 1193 reuertens,
1289 1124 1405 1181 essent

165 1226 263 1295 duae
279 1229 292 1259 ¹
311 1246 418 1293 naues
435 1226 622 1306 onerariae,
641 1228 788 1294 maxima
803 1249 885 1307 una,
904 1250 1011 1313 parua
1027 1227 1105 1309 alia,
1124 1238 1159 1294 et
1175 1226 1231 1295 ille
1246 1229 1352 1295 uellet
1371 1227 1405 1295 in

173 1342 338 1410 maiorem
355 1344 587 1410 conscendere
603 1353 638 1410 et
654 1352 792 1429 propter
812 1354 1001 1429 egestatem
1022 1366 1091 1410 non
1112 1353 1203 1411 esset
1224 1342 1405 1423 admissus,

173 1480 317 1544 paruam
338 1458 430 1525 illam
454 1456 650 1525 nauiculam
670 1458 883 1539 conscendit,
907 1482 996 1545 quae
1015 1459 1197 1527 incolumis
1218 1460 1252 1525 in
1273 1471 1407 1543 portum

175 1586 251 1659 post
268 1596 430 1661 magnam
451 1573 670 1643 iactationem
689 1574 859 1660 peruenit3
881 1576 989 1643 maior
1008 1554 1134 1657 autem,
1159 1578 1202 1643 ad
1223 1597 1325 1662 quam
1345 1576 1408 1641 ad-

132 1722 134 1725 ·
176 1690 304 1757 missus
321 1712 389 1757 non
406 1701 471 1772 est,
489 1689 710 1777 naufragium
728 1688 809 1758 fecit
823 1689 844 1756 J'.

244 1808 277 1872 6.
329 1807 417 1873 Cum
437 1807 541 1872 Pater
557 1807 696 1893 Laynez
712 1826 755 1873 ex
771 1807 874 1873 Patre
891 1807 1004 1873 Araoz
1025 1828 1087 1893 pro
1107 1818 1202 1876 certo
1222 1808 1409 1901 audiuisset

178 1925 317 1990 Patrem
334 1934 488 1988 nostrum
502 1920 672 2007 ignatium
687 1922 740 1988 sui
752 1924 942 2001 custodem,
960 1944 1031 1988 non
1043 1924 1218 2009 angelum,
1234 1935 1272 1990 ut
1284 1924 1409 1993 caeteri

178 2037 353 2116 homines,
383 2040 444 2103 sed
465 2038 710 2125 archangelum
739 2037 933 2125 quempiam
961 2040 1106 2119 habere,
1131 2038 1315 2125 ipsummet
1343 2042 1410 2107 Pa-

179 2164 263 2219 trem
289 2152 514 2233 familiariter,
539 2174 659 2221 uerum
676 2176 722 2221 ne
741 2164 833 2221 esset
853 2176 897 2219 an
918 2175 1003 2233 non,
1027 2154 1180 2241 rogauit3
1203 2177 1312 2240 aquo
1332 2157 1410 2222 nul-

178 2271 248 2335 lum
272 2268 387 2335 uerbis
408 2289 611 2354 responsum
631 2269 775 2355 accepit3
798 2270 861 2338 sed
888 2269 936 2337 ita
963 2292 1023 2336 ora
1045 2271 1175 2338 rubore
1193 2270 1348 2351 suffudit,
1374 2281 1412 2336 ut

180 2384 283 2471 uirgo
301 2384 388 2451 solet
404 2384 595 2453 castissima
612 2408 632 2451 a
648 2384 731 2451 uiris
747 2385 820 2451 sola
835 2387 1072 2473 depraehensa
1089 2384 1116 2463 l,
1134 2397 1173 2452 ut
1188 2387 1332 2473 ipsamet
1344 2389 1412 2453 Pa—

182 2500 242 2569 tris
259 2501 470 2567 uerecundia
486 2512 521 2568 et
537 2501 656 2567 uultus
668 2500 813 2567 mutatio
825 2512 860 2570 et
871 2501 941 2568 oris
958 2504 1062 2568 rubor
1079 2502 1162 2568 satis
1178 2502 1414 2588 responderint

183 2638 304 2683 uerum
335 2638 411 2685 esse
442 2618 535 2701 quod
567 2620 670 2685 Pater
701 2618 850 2704 petebat.
886 2619 962 2705 Ego
994 2641 1036 2685 ex
1069 2622 1171 2685 Patre
1203 2620 1340 2703 Laynez
1375 2636 1414 2705 tp

184 2732 264 2799 Maii
286 2750 382 2816 1555.
401 2731 496 2801 ¹—L.

250 2868 284 2931 7.
333 2850 383 2915 Ex
400 2852 478 2929 hoc,
498 2850 589 2935 quod
610 2848 762 2936 proxime
778 2848 859 2927 dixi,
883 2861 980 2918 etex
1001 2849 1075 2915 aliis
1099 2849 1214 2915 multis
1238 2830 1326 2933 qua‘e
1348 2849 1414 2915 dici

185 2974 341 3049 possunt,
360 2964 580 3050 perspicuum
596 2976 648 3031 est
667 2968 802 3032 Patrem
820 2964 1049 3031 humillimum
1066 2965 1173 3032 fuisse
1188 2975 1223 3032 et
1242 2987 1325 3033 suae
1345 2965 1414 3030 uir--

186 3081 266 3149 tutis
295 3081 554 3150 occultatorem.
584 3081 653 3149 Sed
681 3082 889 3166 exemplum,
919 3083 1011 3166 quod
1038 3081 1105 3146 iam
1133 3080 1324 3160 subiiciam,
1351 3084 1417 3147 hoc

183 3194 285 3261 etiam
307 3195 526 3261 manifestum
547 3195 641 3262 facit:
665 3196 844 3272 namlcum
866 3195 900 3261 in
922 3196 1089 3263 electione
1105 3196 1188 3285 Julii
1209 3196 1244 3261 iii
1266 3195 1418 3282 quinque

185 3312 348 3396 suffragia
366 3314 408 3376 ad
430 3310 664 3396 pontificatum
691 3314 792 3377 Pater
817 3321 934 3378 noster
957 3312 1146 3393 habuisset,
1172 3323 1208 3380 et
1230 3314 1274 3379 ab
1296 3313 1416 3377 eodem

240 3571 247 3611 i
289 3568 465 3625 Currceltata
478 3587 497 3623 a
512 3569 611 3624 uerbis
623 3568 687 3639 Ego
700 3566 811 3636 audiui3
823 3572 851 3623 et
863 3569 955 3623 etium
968 3568 1056 3623 verba
1068 3568 1102 3623 P.
1112 3567 1330 3640 Ribadeneyra,
1344 3588 1421 3641 quae

176 3659 309 3715 ..Natalis
323 3662 355 3714 in
372 3660 514 3731 margine
527 3658 701 3729 scripserat.
742 3658 782 3709 -l
802 3656 924 3729 Integer
935 3660 1159 3729 paragraphus
1167 3660 1351 3714 cancellatus
1362 3665 1418 3715 est.

191 3781 200 3786 -
224 3752 237 3791 k
259 3748 439 3805 Cancettata
451 3753 522 3803 sunt
535 3752 599 3803 octo
612 3748 829 3819 praecedentia
842 3748 944 3801 uerba.
981 3748 1023 3788 -1
1044 3748 1070 3801 A
1086 3747 1183 3801 verbis
1193 3749 1257 3818 Ego
1274 3766 1311 3803 ex
1329 3748 1363 3803 P.
1381 3751 1423 3803 ad

185 3837 279 3907 finem
294 3856 396 3909 usque,
408 3838 498 3908 prius
511 3836 690 3899 cancellata,
705 3836 775 3891 dein
793 3837 936 3891 restituta
949 3841 1031 3891 sunt.

195 3980 402 3991 ——n-ae—-a-—o

241 4070 252 4101 ²
289 4070 525 4138 Rteaneusuts,
545 4068 745 4141 Vitalgnutii
761 4068 892 4132 Loioloe,
908 4068 959 4122 lib.
975 4069 999 4133 1,
1013 4084 1077 4139 cap.
1097 4081 1139 4166 12,
1153 4068 1423 4125 aitessentresna·

193 4177 278 4217 ues...
295 4176 419 4233 quarum
438 4158 532 4230 prima
549 4156 712 4213 Turcarum
725 4166 799 4229 erat,
813 4158 906 4211 altera
923 4157 1081 4228 locupletis
1095 4134 1286 4229 potentisque
1298 4159 1425 4214 hominis

193 4249 318 4305 Veneti
310 4265 416 4319 ingens
429 4264 464 4302 ac
476 4246 597 4303 valida..
602 4265 628 4301 ‚u
647 4264 664 4301 a
682 4245 767 4317 cujus
785 4202 934 4301 nevartiho
946 4263 1014 4300 cum
1032 4243 1205 4315 rejiceretur
1218 4247 1361 4319 Ignatius,
1378 4248 1426 4303 ain

191 4338 307 4393 tertiam
319 4334 505 4403 conscendit,
520 4352 639 4407 paruam
654 4346 684 4390 et
694 4332 843 4405 juncturis
857 4336 933 4390 male
946 4343 1214 4403 coagmentatum».
1228 4333 1323 4405 Igitur
1335 4336 1426 4392 Riba-

190 4425 311 4481 deneira
324 4427 353 4481 in
372 4425 419 4481 his
437 4426 522 4493 actis,
542 4422 751 4495 praetermissa
769 4432 917 4478 turcarum
930 4422 1011 4491 navi,
1030 4424 1061 4478 in
1078 4440 1165 4497 quam
1183 4432 1266 4484 certe
1285 4440 1344 4486 non
1364 4433 1427 4481 erat

197 4516 327 4586 Ignatius
339 4530 568 4585 conscensurus,
581 4512 704 4569 duarum
717 4512 870 4569 dumtaxat
880 4512 1035 4583 meminit,
1053 4530 1129 4586 quae
1141 4512 1178 4568 ad
1191 4514 1351 4572 catholicos
1364 4512 1428 4587 per·

197 4604 338 4661 tinebant.

1244 4704 1270 4733 os
