3500 5367
422 414 475 485 532
802 414 1010 470 nortmanni
1029 414 1209 489 lanariam

383 572 449 635 sub
465 568 540 636 eius
560 589 760 637 successore
775 569 907 655 Jacobo
930 564 1072 653 Laynez'
1088 565 1252 635 assistens
1275 567 1450 635 Societatis
1468 582 1572 635 creatus

381 698 446 766 est,
466 697 554 753 teste
569 684 751 766 Sacchino,
770 686 792 749 l.
813 702 845 765 2,
864 706 899 748 n.
917 684 974 766 46.
993 684 1077 749 Post
1092 683 1180 749 duos
1191 682 1328 749 circiter
1338 705 1469 749 annosa
1481 683 1570 750 Lainio

381 803 424 867 ad
442 814 546 867 totam
564 800 769 869 Societatem
786 798 821 865 in
839 803 975 885 Europa
990 792 1196 864 bisitandam
1208 798 1335 866 missus
1346 811 1409 879 est,
1421 812 1452 865 et
1467 800 1571 884 quiden

380 918 414 982 in
447 914 649 1003 Hispaniam
684 936 782 981 «cum
818 917 978 1000 delegata
1011 924 1178 999 potestate
1210 914 1394 981 maxima.»
1427 919 1573 983 Praeterea

383 1032 516 1099 «omnia
544 1032 578 1097 in
607 1032 766 1097 omnibus
789 1030 991 1117 prouinciis‚·
1010 1043 1044 1098 et
1064 1028 1263 1115 ubicunque
1283 1031 1432 1097 locorum
1450 1031 1573 1099 Societas

377 1160 469 1215 esset
485 1149 542 1215 uel
557 1149 600 1215 ad
617 1170 691 1215 earn
709 1146 836 1232 aliquid
857 1146 1055 1233 pertineret,
1074 1145 1260 1228 statuendi,
1279 1148 1472 1234 abrogandi,
1491 1148 1570 1214 inter·

377 1264 545 1349 pretandi.
565 1266 648 1329 ltem
672 1275 834 1345 rectores,
854 1261 1092 1348 prouinciales,
1110 1274 1146 1328 et
1162 1261 1247 1329 alios
1267 1284 1482 1348 quoscunque
1497 1284 1570 1349 prae·

375 1377 507 1465 positos
534 1379 729 1459 amonendi,
760 1377 974 1464 perficiendi,
998 1378 1240 1446 transferendi?
1260 1379 1418 1464 Denique
1442 1378 1573 1466 quidquid

374 1494 589 1581 praepositus
616 1494 802 1581 generalis,
826 1494 854 1559 si
879 1516 1041 1580 praesens
1061 1495 1208 1574 adesset,
1233 1494 1378 1581 gerendi
1404 1506 1572 1581 potestaten

374 1610 560 1695 permisit.»
581 1612 657 1677 Hoc
673 1610 784 1696 ipsum
806 1611 1028 1676 confirmatur
1049 1610 1242 1677 testimonio
1263 1612 1303 1677 P.
1329 1610 1484 1679 Euerardi
1501 1613 1567 1677 ller-

372 1726 521 1807 curiani,
530 1726 641 1811 quarti
655 1725 840 1813 praepositi
853 1726 1023 1813 generalis
1040 1725 1329 1814 SocietatisJesu,
1344 1727 1402 1811 qui
1415 1751 1432 1793 a
1445 1728 1478 1795 S.
1490 1728 1568 1813 lgna-

372 1842 420 1908 tio
437 1841 567 1928 primus
583 1856 696 1909 rector
711 1841 793 1908 noui
809 1841 945 1927 collegii
965 1840 1117 1928 perusini
1133 1842 1245 1909 iactus
1266 1842 1343 1923 tuit,
1368 1854 1451 1909 teste
1470 1843 1566 1909 Orlan·

370 1958 463 2038 dino,
482 1958 505 2025 l.
528 1977 579 2039 12,
598 1980 634 2027 n.
657 1974 707 2042 153
727 1969 761 2027 et
782 1968 901 2045 postea
920 1958 955 2023 in
977 1957 1115 2043 publica
1135 1959 1385 2039 exhortatione,
1407 1962 1481 2025 dum
1499 1973 1568 2023 esset

352 2074 553 2161 generalis,
568 2074 664 2155 dixit,
679 2073 838 2141 omnibus
850 2074 1069 2141 audientibus
1082 2074 1182 2160 (inter
1193 2096 1283 2159 quos
1295 2087 1379 2141 tunc
1390 2088 1459 2143 erat
1470 2076 1504 2141 P.
1516 2075 1566 2139 he·

368 2189 483 2275 gidius
498 2190 701 2270 Gonzaletz,
720 2190 883 2259 assistens
898 2188 1081 2259 societatis
1098 2212 1159 2275 pro
1176 2189 1364 2276 Hispania,
1390 2191 1467 2257 mihi
1485 2191 1568 2276 probe

367 2317 469 2371 notus
489 2304 525 2370 in
546 2306 665 2391 quinta
686 2304 956 2391 congregatione
976 2293 1157 2390 generali),
1189 2326 1248 2371 «se
1270 2307 1441 2377 audiuisse
1465 2329 1502 2373 ex
1522 2324 1567 2369 ore

366 2421 478 2488 Patris
498 2420 635 2508 ignatii,
657 2421 749 2505 quod
769 2420 804 2486 in
825 2420 989 2489 exercitio
1008 2422 1054 2489 de
1072 2420 1210 2487 duobus
1231 2421 1384 2488 uexillis»
1407 2426 1567 2508 (transeas

365 2538 469 2621 facto)
489 2536 554 2602 «itti
572 2539 667 2604 Deus
683 2536 850 2604 detexerit
866 2536 1007 2605 formam
1024 2548 1060 2602 et
1075 2537 1259 2602 modellum
1272 2537 1482 2619 Societatis3»
1494 2534 1566 2621 quod

361 2665 480 2739 postea
496 2654 661 2739 seriptum
678 2652 813 2738 reliquit
832 2655 871 2718 P.
892 2650 1062 2742 Aegidius
1076 2652 1111 2717 in
1134 2651 1326 2720 Directorio
1347 2652 1565 2720 Exercitioruni

362 2792 381 2836 a
398 2792 434 2837 se
451 2772 555 2851 lact0,
574 2781 612 2836 ut
632 2770 778 2836 refertur
793 2791 813 2836 a
829 2770 870 2837 P.
889 2768 1066 2836 Ludouico
1081 2769 1126 2835 de
1144 2769 1272 2850 Palma,
1291 2768 1484 2855 prouinciali
1498 2767 1564 2833 tole·

362 2898 442 2953 tano
458 2884 578 2973 (quiid
594 2908 632 2952 se
652 2908 672 2953 a
690 2887 729 2951 P.
749 2884 899 2971 Aegidio
918 2884 1106 2951 Gonzaletz
1125 2883 1299 2951 audiuisse
1321 2885 1460 2970 scribit),
1479 2882 1566 2970 prima

358 2996 457 3087 parte
473 3001 589 3071 ltiner.
613 3000 777 3080 Perfeci,
795 3000 817 3066 l.
839 3016 871 3083 5,
890 3021 921 3069 c.
941 3018 974 3077 2,
992 2998 1119 3085 pagina
1136 3018 1201 3084 734
1216 3011 1251 3065 et
1269 3018 1346 3085 7353
1365 3000 1400 3067 in
1415 3022 1480 3087 quo
1496 2998 1566 3063 libro

359 3116 460 3185 etiam
478 3119 583 3184 Pater
597 3117 641 3183 de
657 3116 774 3182 Palma
792 3114 898 3195 addit,
915 3113 970 3180 rid
987 3135 1126 3199 quoque
1141 3114 1220 3182 sciri
1236 3136 1280 3181 ex
1296 3116 1464 3183 constanti
1480 3112 1564 3180 tradi-

360 3234 452 3299 tione
469 3242 663 3299 nostrorum
680 3230 868 3317 primorum
891 3234 1068 3297 Patrumn.
1093 3232 1196 3299 Unde
1216 3231 1339 3297 mirum
1360 3255 1429 3300 non
1448 3241 1496 3299 est
1512 3230 1565 3294 ltoe

358 3368 496 3433 quoque
509 3348 611 3415 etiam
625 3348 663 3417 S.
678 3346 899 3413 Franciscum
913 3345 1102 3414 Xauerium
1114 3344 1276 3428 sensisse,
1285 3346 1343 3432 qui
1356 3348 1379 3414 Ι.
1399 3346 1524 3435 t,epist.
1537 3361 1563 3427 5,

358 3486 520 3532 romanae
536 3461 700 3532 Societati
721 3462 776 3530 sic·
792 3462 921 3529 scribit:
943 3488 957 3523 a
964 3464 1014 3528 Ex
1032 3462 1149 3529 multis
1163 3473 1199 3530 et
1218 3462 1357 3550 magnis
1372 3465 1472 3531 huius
1489 3460 1564 3529 uitae

356 3579 538 3659 fructibus,
556 3599 645 3664 quos
660 3581 775 3646 adhuc
792 3579 856 3647 Dei
872 3577 1043 3647 beneficio
1059 3578 1133 3664 cepi
1148 3588 1185 3645 et
1200 3578 1354 3663 quotidie
1364 3581 1472 3667 capio,
1485 3578 1563 3645 illuni

355 3695 446 3763 enim
476 3717 560 3765 uero
586 3696 676 3762 duco
696 3694 895 3775 maximum,
915 3695 1008 3779 quod
1027 3708 1167 3762 nostrae
1187 3694 1372 3763 Societatis
1391 3695 1563 3763 institutum

355 3810 525 3897 pontificis
541 3809 678 3879 maximi
694 3808 902 3878 authoritate
917 3810 1178 3895 comprobatum
1190 3812 1564 3897 confirmatumqueesse

353 3926 515 4012 cognoui.
530 3928 740 3993 immortales
754 3928 827 3993 Deo
838 3925 968 4011 gratias
980 3937 1015 3992 et
1027 3947 1094 4011 ago
1106 3936 1141 3994 et
1152 3924 1277 4007 habeo,
1291 3928 1363 4011 qui,
1375 3949 1474 4013 quam
1487 3925 1563 3991 uitae

300 4116 302 4121 ,
352 4042 518 4111 rationem
535 4064 637 4111 seruo
652 4063 716 4109 suo
733 4040 872 4108 Parenti
889 4043 933 4108 N.
952 4040 1086 4127 ignatio
1101 4042 1189 4107 clam
1210 4040 1284 4127 ipse
1304 4043 1561 4129 praescripserat.

352 4182 428 4227 eam
445 4160 627 4245 aliquando
643 4180 705 4244 per
721 4179 821 4223 suum
839 4157 1005 4224 vicarium
1023 4158 1133 4243 palam
1150 4157 1292 4225 stabiliri
1313 4159 1423 4225 uoluit
1443 4160 1483 4225 ad
1501 4178 1559 4223 me·

350 4274 491 4341 moriam
509 4272 718 4361 posteritatis
734 4272 998 4359 sempiternam»
1017 4275 1042 4338 ⁹.

416 4368 506 4479 Legit-
530 4390 565 4457 in
589 4411 753 4477 processu
776 4388 996 4470 bruxellensi,
1023 4389 1233 4458 authoritate
1256 4390 1348 4458 sedis
1373 4387 1562 4478 apostolicae

352 4508 561 4517 ——-·.—-

401 4554 413 4588 ⁰
450 4554 648 4627 Monumentn
662 4550 854 4620 Xavertana,
868 4559 940 4605 tom.
954 4552 980 4620 t,
994 4566 1060 4622 pag.
1076 4564 1137 4621 294.
1154 4549 1287 4623 Epistola
1300 4568 1383 4621 vero,
1399 4568 1483 4625 quam
1499 4548 1560 4603 tan·

344 4642 438 4699 cicius
454 4642 602 4715 designat,
616 4650 663 4698 est
676 4640 706 4697 in
719 4640 820 4697 nostra'
832 4638 963 4695 editione
976 4639 1063 4711 epist.
1082 4652 1124 4712 17,
1142 4639 1210 4695 data
1228 4640 1276 4695 die
1296 4652 1328 4709 15
1347 4640 1475 4712 januarii
1492 4650 1560 4707 1544·
