3500 5367
790 438 999 493 Mouuueuru
1017 438 1196 494 Iouerum
1266 478 1278 490 .

508 674 607 721 Alton
625 673 845 721 RELIGIOSAF.
860 674 1158 721 AEDIFICATIONIS
1174 674 1222 721 ΕΤ
1237 672 1457 722 DISCIPLINA!

745 790 783 836 IN
800 790 941 837 SANCTO
958 790 1076 837 PATRE
1093 790 1246 837 EXIMIUS

443 938 553 1006 Valde
569 947 641 1007 erat
657 938 811 1005 intentus
835 948 976 1005 sanctus
994 941 1097 1019 Pater
1112 959 1157 1005 ne
1172 938 1256 1024 quid
1276 936 1352 1007 eius
1371 948 1507 1023 tempore
1523 932 1573 999 fie-

375 1066 440 1137 ret,
455 1055 547 1140 quod
563 1066 598 1121 et
619 1052 856 1140 praesentibus
873 1064 907 1123 et
924 1054 1070 1141 posteris
1082 1053 1163 1120 mali
1178 1054 1328 1140 speciem
1344 1050 1479 1138 exempli
1493 1069 1571 1136 prae-

375 1172 485 1251 beret3
504 1170 581 1237 ideo
602 1180 636 1236 et
665 1170 755 1236 facta
783 1170 998 1256 quorundam
1024 1170 1238 1257 improbabat
1264 1180 1299 1237 et
1315 1168 1478 1255 puniebat,
1502 1184 1572 1250 quae

377 1286 528 1355 scandali
548 1307 649 1374 posse
669 1285 884 1352 occasionem
911 1286 1074 1373 praebere
1103 1284 1320 1364 uidebantur,
1349 1295 1385 1351 et
1403 1278 1572 1369 impediebat

377 1425 420 1469 ne
437 1401 514 1468 talia
532 1412 744 1487 apparerent.
765 1404 865 1468 Hanc
882 1402 926 1466 ob
942 1423 1081 1469 causam
1104 1423 1166 1487 pro
1186 1399 1397 1468 recreatione
1412 1396 1572 1465 suburbana

373 1528 571 1585 nostrorum
587 1516 635 1583 nil
647 1516 739 1583 aliud
753 1527 886 1602 praeter
897 1516 1206 1583 deambulationem
1222 1526 1258 1581 et
1273 1515 1423 1581 iucunda
1436 1504 1571 1592 colloquia

378 1633 574 1721 permittere
592 1631 712 1713 uoluit,
731 1631 796 1699 nisi
818 1632 1065 1699 trudiculorum
1082 1633 1209 1712 lusum,
1228 1631 1347 1716 inquo
1364 1618 1572 1717 per'circulun

378 1750 541 1831 ferreum,
563 1747 639 1814 siue
659 1769 763 1833 supra
783 1770 936 1816 mensam
957 1747 1032 1815 siue
1052 1768 1155 1834 supra
1178 1757 1315 1829 terram,
1337 1744 1431 1832 globi
1448 1738 1571 1807 malleolo

381 1864 610 1945 traiiciuntur;
628 1872 662 1931 et
684 1863 886 1929 tabellarum
903 1864 1140 1942 rotundarum,
1163 1883 1252 1947 quae
1268 1883 1329 1948 per
1349 1880 1477 1928 mensas
1493 1858 1572 1939 longo

381 1991 495 2047 tractu
512 1979 614 2045 certis
629 1978 883 2045 conditionibus
895 1979 1154 2065 protruduntur.
1173 1979 1217 2043 Et
1228 1998 1355 2063 magna
1366 1985 1477 2062 postea
1490 1988 1571 2057 poem

380 2094 495 2163 affecit
512 2096 632 2163 Patres
661 2094 824 2161 Olauium
846 2116 887 2161 ac
914 2094 1175 2163 Ribadeneiram
1203 2115 1244 2159 ac
1260 2093 1356 2173 alios,
1376 2092 1463 2177 quod
1476 2086 1569 2155 malurn

382 2231 524 2277 aureum
538 2209 630 2278 inter
646 2232 683 2277 se
703 2220 825 2277 mutuo
846 2208 1062 2296 prolicerent,
1091 2208 1226 2275 manud
1254 2219 1400 2293 utraque
1420 2204 1571 2292 proiectum

382 2326 720 2412 apprehendendum
739 2327 831 2412 quod
848 2326 876 2393 si
893 2348 975 2393 casu
991 2324 1165 2393 excideret
1180 2325 1236 2391 vel
1251 2346 1323 2390 non
1335 2320 1569 2409 apprehendere
1665 2373 1666 2380 ,

384 2454 439 2508 tur
460 2462 577 2522 manu,
600 2441 760 2507 salutatio
781 2441 938 2527 angelica
961 2442 1134 2511 recitanda
1154 2450 1239 2508 erat.
1259 2440 1317 2507 Ob
1332 2441 1439 2517 hunc,
1455 2437 1571 2519 inquam,

381 2558 496 2623 lusum
511 2578 572 2625 eos
588 2556 734 2642 puniuit,
753 2556 803 2623 uti
820 2566 854 2623 et
870 2557 967 2637 alios,
986 2556 1045 2642 qui
1067 2554 1171 2622 alium
1191 2556 1289 2622 lusus
1308 2555 1447 2621 modum
1466 2551 1570 2616 iuuere

383 2684 472 2754 rant,
488 2672 609 2739 nolens
625 2670 747 2739 similia
763 2672 798 2739 in
814 2674 1009 2760 exemplum
1026 2672 1129 2742 trahi.

451 2787 623 2856 Omnibus
651 2787 905 2855 consultoribus
936 2788 1181 2875 poenitentiam
1211 2787 1377 2867 iniunxit,
1407 2785 1505 2872 quod,
1525 2798 1573 2845 nou

383 2888 597 2991 praemonito
613 2903 748 2970 lanione
763 2903 806 2969 de
822 2903 1031 2989 praescripto
1047 2903 1182 2983 medici,
1200 2902 1326 2969 missus
1346 2901 1466 2969 fuisset
1479 2907 1573 2981 emptu

385 3020 429 3085 ad
446 3040 566 3088 carnes
582 3018 618 3085 in
638 3018 780 3087 macello
797 3028 949 3104 tempore
976 3016 1258 3103 quadragesimae
1285 3017 1449 3087 emendas
1468 3034 1517 3102 pro
1531 3030 1572 3079 esu
1663 3047 1664 3058 κ

384 3136 600 3221 quorundam
616 3146 824 3201 nostrorum:
843 3133 988 3217 ideoque
1004 3132 1115 3218 ipsum
1131 3133 1212 3201 dein
1233 3132 1428 3200 ministrum
1447 3133 1487 3199 ad
1497 3127 1571 3195 lanio

383 3232 463 3319 nem
481 3250 583 3331 misit,
603 3250 662 3336 qui
689 3271 768 3317 eum
785 3249 924 3318 doceret
947 3249 982 3315 id
997 3270 1040 3315 ex
1060 3248 1151 3315 iusta
1177 3247 1471 3318 necessitatefieri
1487 3257 1514 3313 et
1524 3260 1571 3309 ue-

385 3365 452 3431 dici
471 3365 692 3452 praescripto.
1268 3434 1274 3443 ,

454 3483 620 3549 Vetuerat
636 3502 680 3547 ne
696 3480 788 3547 domi
804 3504 823 3547 a
839 3480 965 3549 nostris
982 3483 1099 3549 abluta
1114 3480 1250 3548 indusia
1265 3491 1300 3549 et
1315 3482 1480 3547 lectorum
1489 3476 1572 3543 lintea·

385 3595 479 3663 mina
499 3596 609 3664 aliaue
629 3596 665 3662 in
688 3596 783 3677 lociS,
814 3596 1041 3690 saecularium
1069 3596 1222 3683 aspectui
1251 3594 1428 3682 expositis,
1457 3588 1572 3662 necarit

385 3712 675 3799 appenderentur,
694 3711 849 3780 iudicans
865 3735 938 3781 rem
954 3734 1021 3779 non
1040 3734 1117 3781 esse
1132 3713 1214 3780 boni
1228 3712 1388 3798 exempli.

455 3829 608 3896 Eandem
625 3829 670 3894 ob
685 3849 823 3895 causam
840 3830 982 3895 barbam
999 3850 1019 3894 a
1034 3829 1159 3895 nost'ris
1174 3827 1220 3895 ali
1237 3828 1360 3909 uetuit,
1382 3828 1440 3895 uel
1458 3827 1498 3894 ad
1510 3818 1573 3891 simi·

386 3940 566 4011 litudinem
582 3942 809 4009 saecularium
827 3943 973 4024 tonderi3
991 3943 1149 4029 ideoque,
1168 3942 1328 4028 quoniam
1346 3954 1418 4009 tum
1435 3943 1573 4011 barbarum

388 4068 523 4126 tonsore
540 4068 718 4126 uterentur
734 4058 854 4139 nostri,
872 4079 943 4125 non
962 4080 1072 4144 aeque
1087 4058 1253 4127 distantes
1276 4058 1369 4126 omni
1384 4081 1428 4127 ex
1448 4049 1573 4146 partepli

344 4218 346 4223 -
387 4174 512 4241 barbae
539 4173 806 4260 reliquebantur'.
831 4176 885 4243 Ne
905 4177 971 4241 sub
987 4186 1102 4243 mento
1126 4175 1261 4262 longior
1287 4175 1492 4261 promineret
1506 4170 1573 4240 barba

387 4311 489 4374 quam
511 4312 531 4355 a
557 4288 733 4374 lateribus,
752 4300 787 4359 et
814 4312 884 4358 non
911 4290 946 4357 in
974 4302 1110 4359 acutam
1134 4289 1278 4377 apicem,
1308 4293 1370 4360 sed
1396 4292 1432 4357 in
1454 4286 1574 4359 rotundae

385 4405 520 4491 figurae
536 4405 685 4491 speciem
701 4404 901 4489 delinearet,
919 4390 1094 4495 deinceps]
1112 4407 1148 4474 id
1167 4429 1237 4475 non
1253 4410 1437 4491 nouacula,
1461 4398 1574 4475 sedsotis

388 4564 588 4578 ¹——

442 4658 456 4699 d
495 4673 561 4711 nam
577 4674 631 4714 ms.
