3500 5367
450 477 541 533 Acru
561 488 717 543 Quuunuu
737 478 767 533 S.
789 435 913 533 louurn
931 492 952 533 Α
971 476 1005 535 Ρ.
1024 476 1149 533 urrrn
1326 486 1381 543 475

245 628 337 695 Cum
359 630 541 697 admodum
565 642 657 699 esset
677 632 720 699 de
740 633 844 697 rebus
864 630 937 697 suis
958 630 1160 710 taciturnus,
1178 627 1264 695 dixit
1285 638 1418 707 tamen,

176 746 219 821 P,
242 722 360 811 Natali
381 756 573 832 praesente,
591 745 694 833 'quasi
715 746 835 813 fuisset
858 747 902 813 ad
917 748 1030 815 Deum
1051 756 1170 831 raptus
1190 745 1294 831 paulo
1314 754 1420 811 antea.

176 872 211 925 et
232 860 278 925 ad
307 883 345 929 se
365 860 531 930 rediisset:
562 882 655 931 eram
675 883 768 929 nunc
790 861 922 949 (inquit)
950 883 1018 949 ego
1046 861 1145 929 altior
1170 862 1279 927 coelo.
1310 860 1420 944 Quod
1490 867 1494 874 ’

176 996 284 1062 quum
302 976 358 1044 ille
374 978 477 1045 Pater
493 977 557 1044 sibi
573 978 738 1046 declarari
753 978 835 1064 quid
852 978 935 1045 illud
952 978 999 1045 rei
1015 988 1107 1045 esset
1119 986 1270 1063 rogaret,
1288 977 1331 1043 ad
1348 976 1416 1041 alia

175 1112 368 1159 sermonem
387 1094 569 1161 conuertit.

241 1208 359 1275 Sacris
376 1208 553 1275 ordinibus
568 1208 734 1291 initiatus,
752 1231 858 1295 quum
874 1212 977 1276 horas
998 1207 1182 1275 canonicas
1197 1207 1341 1275 recitare
1357 1207 1413 1271 in-

174 1324 346 1405 choasset,
365 1334 493 1391 tantam
516 1324 622 1391 sensit
641 1324 877 1391 difficultatem
897 1336 1038 1411 propter
1057 1322 1268 1390 affluentiam
1286 1342 1412 1388 conso-

175 1436 342 1505 lationum
363 1438 603 1525 spiritualium,
626 1462 788 1509 sensuum
810 1439 1022 1507 internorum
1045 1460 1085 1505 ac
1104 1440 1347 1523 lacrymarum,
1373 1450 1418 1503 ut

174 1552 337 1621 maiorem
353 1554 420 1623 diei
432 1565 562 1641 partem
579 1566 670 1624 esset
682 1554 876 1623 necessario
892 1555 927 1621 in
940 1554 1072 1621 illarum
1090 1552 1293 1621 recitatione
1305 1574 1408 1618 occu·

175 1678 287 1753 patuS,
306 1680 341 1736 et
356 1672 577 1739 vehementer
593 1670 744 1763 corporis
756 1670 917 1737 valetudo
932 1680 966 1738 et
982 1669 1073 1736 vires
1088 1668 1195 1756 ipsius
1210 1668 1403 1754 affligeren-

176 1794 241 1865 tur3
272 1786 331 1851 cui
358 1785 549 1853 difficultati
572 1808 650 1853 cum
674 1788 805 1853 nullum
826 1784 999 1853 videretur
1024 1783 1212 1853 remedium
1234 1784 1408 1875 expectari
1514 1833 1516 1836 -

175 1920 284 1983 posse,
303 1912 339 1967 et
356 1901 469 1987 potius
484 1902 518 1967 in
535 1902 607 1969 dies
623 1924 758 1970 sumere
774 1900 1023 1968 incrementum
1040 1899 1097 1966 illa
1112 1898 1295 1965 difficultas
1310 1897 1406 1965 vide-

174 2026 277 2095 retur,
294 2014 369 2084 eius
386 2016 467 2084 socii
482 2020 602 2086 Patres
617 2016 790 2105 petierunt
805 2041 826 2085 a
840 2039 974 2085 summo
990 2015 1153 2103 pontifice
1170 2016 1280 2081 Paulo
1297 2016 1352 2094 lll,
1369 2029 1407 2082 ut

174 2130 290 2199 liceret
308 2133 401 2199 Patri
418 2132 551 2221 ignatio
567 2144 777 2202 commutare
792 2136 954 2199 horarum
974 2131 1220 2209 canonicarum
1232 2130 1405 2199 recitatio-

175 2266 249 2312 nem
272 2248 308 2313 in
331 2259 463 2315 certum
484 2267 665 2315 numerum
686 2248 892 2328 orationum,
912 2250 1017 2315 Pater
1031 2248 1173 2326 et'Aue,
1191 2247 1285 2329 quod
1307 2246 1406 2311 beni-

174 2382 240 2445 gne
260 2363 431 2431 concessit
451 2384 607 2431 summus
626 2363 790 2449 pontifex.
811 2364 853 2428 Et
870 2362 906 2427 in
922 2364 1045 2428 harum
1067 2374 1182 2429 tamen
1203 2360 1408 2429 recitatione

173 2498 272 2564 saepe
288 2500 468 2545 excessum
487 2478 609 2546 mentis
624 2478 817 2565 patiebatur
832 2500 877 2545 ex
892 2467 1111 2546 vehementia
1127 2476 1260 2564 gratiae
1275 2498 1315 2542 ac
1330 2476 1403 2562 spi·

174 2592 267 2661 ritus.

234 2711 325 2775 Cum
342 2720 494 2777 extrema
511 2710 653 2796 penuria
677 2732 789 2778 rerum
807 2708 1044 2795 temporalium
1064 2719 1278 2795 premeretur
1298 2707 1404 2773 colle-

173 2822 263 2906 gium
292 2844 470 2893 romanum
498 2837 534 2891 et
560 2827 696 2906 domus,
727 2836 761 2894 et
788 2824 981 2893 immineret
1007 2824 1147 2903 bellum,
1174 2825 1266 2910 quod
1294 2822 1405 2908 gessit
1458 2912 1464 2924 ι

174 2940 300 3005 Paulus
321 2942 368 3007 IV
390 2940 424 3005 in
446 2962 563 3027 regem
586 2940 795 3028 Philippum,
818 2941 875 3009 uel
903 2949 995 3007 certe
1022 2940 1079 3006 bic
1099 2940 1266 3007 aduersus
1293 2938 1406 3017 illum,

175 3074 239 3137 quo
256 3068 409 3141 tempore
429 3056 619 3125 cardinales
640 3058 742 3125 etiarn
760 3054 824 3142 ipsi
845 3054 959 3141 inopia
983 3054 1031 3122 rei
1047 3052 1265 3141 pecuniariae
1281 3054 1402 3119 confli-

174 3172 363 3251 ctabantur,
373 3171 476 3257 jussit
492 3182 690 3239 constanter
703 3174 743 3239 P.
758 3171 913 3259 Ignatius
930 3173 1020 3237 bono
1032 3190 1107 3237 esse
1120 3168 1234 3235 animo
1250 3182 1408 3249 nostros,

175 3284 323 3351 futurum
344 3297 380 3353 ut
393 3282 562 3373 'proximo
582 3310 684 3368 annu,
707 3290 774 3353 hoc
797 3298 861 3367 est,
888 3289 1024 3354 futurae
1051 3284 1185 3371 inopiae
1209 3285 1405 3352 communis

174 3410 332 3488 tempore,
355 3404 483 3470 nullam
503 3404 681 3490 penuriam
698 3414 908 3491 paterentur.
934 3403 1039 3489 Quod
1060 3402 1160 3488 plane
1183 3399 1342 3487 contigit,
1367 3414 1401 3468 et

174 3515 304 3598 quidem
319 3528 395 3604 post
411 3520 485 3587 eius
500 3496 646 3601 obitum3
665 3541 742 3586 nam
766 3518 890 3586 missus
910 3518 1048 3604 quidam
1067 3520 1198 3584 Patcr⁸
1220 3516 1256 3583 in
1273 3516 1403 3601 Hispa-

173 3630 256 3699 niam
274 3634 404 3719 aliquot
419 3635 523 3701 millia
538 3646 777 3702 coronatorum
795 3633 1003 3700 Florentiam
1024 3654 1085 3719 per
1106 3632 1239 3700 litteras
1255 3632 1398 3715 collybi-

173 3746 270 3816 sticas
290 3749 393 3833 misit,
412 3752 503 3817 unde
525 3752 653 3817 Rornae
675 3749 836 3817 Patribus
856 3748 1002 3835 singulis
1022 3747 1198 3814 mensibus
1214 3768 1280 3831 300
1300 3767 1398 3811 coro·

174 3864 237 3928 nati
267 3866 537 3945 numerabantur
564 3866 680 3950 quoad
708 3865 942 3952 perseueravit
971 3863 1028 3929 illa
1059 3884 1172 3932 rerum
1200 3862 1400 3938 difficultas

174 3988 271 4065 atque
282 3980 367 4048 adeo
383 3982 489 4067 longe
500 3981 641 4047 diutius.
657 3983 760 4067 Quod
777 4002 861 4049 uero
874 3978 1011 4065 quidam
1027 3979 1161 4059 dicunt,
1175 3978 1301 4045 dixisse
1314 3990 1402 4043 tunc

175 4093 302 4164 Patrem
331 4096 502 4183 Ignatium
525 4096 594 4163 uno
622 4120 712 4163 anno
734 4096 905 4165 difficilem
927 4098 1078 4162 futuram
1108 4092 1239 4161 romani
1260 4093 1396 4179 collegii

172 4207 406 4293 prouisionem,
422 4212 546 4281 deinde
558 4212 745 4301 Dominum
762 4212 992 4299 prouisurum3
1008 4210 1167 4297 primum,
1183 4211 1276 4276 haud
1292 4210 1398 4274 dubie

173 4320 215 4391 ita
230 4348 347 4397 sumus
363 4330 496 4416 experti
512 4330 726 4417 superiorum
743 4340 935 4416 temporum
951 4329 1119 4395 infinitam
1136 4328 1227 4393 illam
1248 4316 1396 4392 drificul-

173 4449 375 4477 ιι““---ι-ι-ιιι-ιι

220 4516 231 4548 ⁸
266 4518 332 4589 lpse
355 4532 461 4591 nempe
475 4518 509 4572 P.
524 4516 650 4587 Natalis,
667 4516 718 4589 qui
737 4534 772 4571 ea
790 4516 976 4589 potissimum
989 4514 1027 4570 de
1044 4532 1132 4570 causa
1155 4514 1263 4569 missus
1281 4522 1352 4567 tunc
1366 4512 1400 4567 in

173 4600 334 4675 Hispaniam
345 4606 413 4677 luit,
424 4615 457 4663 ut
467 4622 552 4679 opem
565 4606 690 4677 collegio
703 4622 835 4677 romano,
846 4605 969 4678 penuria
979 4603 1133 4673 laboranti,
1146 4602 1277 4658 afferret.
1291 4602 1395 4672 Epist.

173 4688 205 4743 Ρ.
217 4694 392 4769 Hieronymi
404 4696 519 4761 Nadul,
533 4693 568 4763 Il,
583 4694 628 4767 39.
