3500 5367
384 416 438 471 360
765 422 971 478 Mouuurrura
990 424 1167 479 lounrmue

351 592 496 638 sumam:
521 573 675 652 dexame,
699 592 766 658 que
786 594 831 659 yo
854 596 909 641 me
929 580 1082 660 uengarr'·
1101 574 1170 642 del.
1197 576 1297 642 Hanc
1324 587 1439 641 autem
1468 572 1575 640 Patris
1600 594 1611 605 ’

350 686 537 754 orationem
549 686 770 754 comminatio
783 688 851 768 illa,
866 700 902 756 et
914 691 1128 776 flagellorum
1140 690 1304 772 ostensio,
1319 689 1449 776 aliquot
1459 701 1574 775 postea

352 802 527 869 mensibus
543 816 596 869 est
611 805 835 889 subsequuta.
855 808 1003 892 Egomet
1019 828 1061 872 ex
1077 806 1154 891 ipso
1168 808 1270 873 Patre
1286 818 1404 873 nostro
1417 824 1460 892 29
1476 804 1572 890 Apri·

353 918 394 1011 lis
417 934 476 1003 155
481 922 604 1003 3.-R.

420 1052 474 1119 51.
524 1036 705 1103 Marcellus
721 1036 893 1116 Ceruinus
909 1037 948 1105 S.
967 1039 1007 1103 R.
1027 1038 1068 1106 E.
1082 1036 1264 1104 cardinalis
1280 1037 1429 1105 Sanctae
1442 1034 1574 1112 Crucis,

352 1151 424 1247 qui,
442 1138 563 1236 postea
584 1172 739 1217 summus
762 1151 918 1239 pontifex
944 1163 1091 1233 creatus,
1119 1154 1301 1220 Marcellus
1329 1153 1357 1218 11
1379 1152 1494 1218 dictus
1512 1160 1573 1227 est,

353 1266 405 1331 uir
418 1266 604 1352 praestanti
616 1266 798 1351 prudentia
814 1280 848 1335 et
861 1261 1027 1334 acerrimo
1043 1266 1181 1347 iudicio,
1195 1278 1231 1333 et
1243 1266 1370 1355 insigni
1383 1267 1416 1332 in
1431 1276 1576 1333 nostram

352 1381 561 1451 Societatem
577 1383 831 1463 beneuolentia,
850 1404 1011 1469 magnam
1027 1404 1105 1451 cum
1124 1385 1227 1450 Patre
1242 1384 1326 1451 Dre.
1340 1380 1466 1450 Olauio
1482 1379 1577 1447 fami·

352 1496 531 1564 liaritatem
550 1497 682 1563 habuit.
703 1497 822 1564 licum
844 1499 887 1564 de
905 1499 1007 1566 rebus
1024 1497 1127 1565 uariis
1147 1510 1269 1564 mutuo
1288 1499 1574 1581 colloquerentur,

352 1612 471 1678 incidit
484 1635 595 1680 sermo
607 1615 650 1681 de
658 1612 839 1681 Societatis
852 1626 989 1682 nostrae
1001 1613 1170 1693 instituto,
1180 1635 1249 1699 quo
1260 1626 1405 1682 cauetur
1417 1634 1462 1679 ne
1473 1610 1576 1677 nostri

352 1727 556 1813 dignitatem
573 1729 630 1795 uel
645 1728 879 1814 episcopatum
896 1730 1056 1816 aliquem,
1075 1730 1139 1795 nisi
1163 1728 1259 1797 iussu
1282 1729 1357 1797 eius
1379 1727 1574 1814 suscipiant,

352 1842 411 1929 qui
424 1844 466 1909 ad
480 1855 659 1928 peccatum
673 1843 826 1929 obligare
839 1845 957 1931 possit3
968 1866 1117 1930 cumque
1129 1848 1197 1911 hoc
1209 1843 1404 1910 institutum
1418 1855 1575 1927 tanquam

353 1959 465 2025 minus
481 1959 644 2028 ecclesiae
659 1960 725 2027 Dei
745 1961 894 2027 salutare
910 1961 1064 2046 pontifex
1090 1973 1105 1999 '
1132 1960 1321 2027 rationibus
1347 1959 1574 2045 impugnaret,
1687 2029 1688 2032 Ἴ

355 2076 456 2142 Pater
473 2075 619 2141 Olauius
635 2086 797 2160 tanquam
814 2075 977 2145 Societati
993 2075 1223 2145 necessarium
1235 2087 1271 2142 et
1287 2073 1433 2141 maxime
1448 2072 1576 2139 condu-

353 2188 454 2257 cibile
474 2190 684 2270 defenderet,
708 2191 858 2271 tandem,
883 2190 999 2257 multis
1020 2192 1133 2257 verbis
1157 2192 1247 2257 ultro
1270 2190 1426 2275 citroque
1442 2187 1575 2263 habitis,

354 2326 433 2372 eum
450 2303 649 2385 rationibus
669 2327 688 2371 a
705 2308 786 2373 Dre.
806 2304 933 2373 Olauio
949 2305 983 2372 in
1000 2306 1150 2375 medium
1172 2306 1295 2384 allatiS,
1315 2303 1467 2391 pontifex
1482 2317 1500 2344 ¹
1516 2324 1577 2369 non

354 2420 599 2506 acquiesceret:
618 2420 655 2490 Si
672 2419 832 2502 rationes,
851 2421 963 2507 inquit
983 2422 1143 2501 Olenius,
1167 2444 1236 2496 non
1257 2422 1381 2487 iuuant
1401 2422 1576 2488 adversum

356 2548 402 2615 te,
421 2536 519 2623 nobis
535 2538 652 2604 saltem
670 2537 714 2603 sit
729 2537 812 2604 satis
828 2538 921 2622 quod
937 2539 1075 2605 Patrem
1088 2550 1242 2605 nostrum
1255 2536 1426 2623 Ignatium
1442 2536 1491 2602 ita
1502 2555 1576 2603 sen·
1688 2617 1689 2632 χ

357 2651 421 2719 tire
436 2650 624 2718 uideamus.
644 2654 732 2719 Tum
744 2652 937 2720 cardinalis:
966 2674 1060 2721 nunc
1087 2654 1184 2733 cedo,
1203 2650 1319 2733 Olaui;
1350 2673 1429 2717 nam
1444 2648 1511 2716 etsi
1527 2670 1576 2714 ra·

358 2767 466 2834 tiones
479 2788 574 2835 meae
589 2766 672 2832 mihi
692 2768 850 2837 uidentur
866 2768 1121 2854 probabiliores,
1135 2767 1243 2834 vincit
1263 2779 1379 2836 tamen
1395 2788 1451 2835 me
1472 2762 1578 2832 Patris

360 2882 481 2968 Ignatii
499 2883 698 2950 authoritas.
712 2883 904 2951 Verisimile
920 2897 974 2951 est
988 2883 1079 2950 enim
1092 2883 1152 2964 illi,
1170 2883 1229 2969 qui
1245 2893 1315 2949 tam
1332 2880 1477 2958 feliciter
1497 2883 1578 2965 hanc

357 2998 564 3067 Societatem
583 2998 760 3085 plantauit,
784 3012 818 3067 et
842 3011 893 3065 tot
913 3019 1033 3082 annos,
1052 3012 1121 3065 tam
1138 3000 1241 3085 longe
1257 3000 1393 3078 lateque
1413 2997 1577 3066 diffusam,

358 3114 628 3182 sanctissimeac
644 3114 895 3200 sapientissime
910 3114 1008 3194 rexit,
1027 3116 1139 3181 Deum
1161 3113 1333 3181 reuelasse
1353 3133 1421 3197 qua
1438 3111 1577 3186 ratione,

359 3230 451 3314 quod
468 3252 527 3315 per
544 3228 639 3295 illum
655 3229 814 3309 instituit,
833 3229 1033 3296 conseruari
1048 3241 1083 3296 et
1099 3228 1220 3315 augeri
1237 3227 1423 3295 uelit—R.

428 3362 481 3428 52.
531 3346 588 3412 Ad
603 3344 843 3413 stabiliendum
860 3344 1058 3430 patauinum
1074 3342 1271 3431 collegium,
1285 3354 1320 3410 et
1336 3342 1579 3429 possessiouem

361 3460 532 3546 prioratus
547 3462 641 3529 Stae.
662 3460 790 3528 Mariae
807 3460 1032 3545 Magdalenae
1059 3482 1080 3526 a
1099 3471 1225 3529 veneto
1252 3470 1376 3527 senatu
1401 3458 1579 3545 impetrau
1689 3483 1690 3532 ὲ

360 3577 452 3655 dam,
472 3576 595 3642 missus
616 3587 668 3643 est
692 3598 783 3642 anno
810 3575 948 3642 Domini
980 3577 1063 3660 1548
1091 3579 1195 3643 Pater
1222 3578 1360 3659 Laynez
1389 3572 1580 3642 Venetiasa

364 3694 465 3758 Patre
492 3692 637 3777 Ignatio;
668 3712 815 3777 cumque
842 3692 1031 3778 permultae
1057 3704 1274 3777 emergerent
1301 3690 1532 3771 difficultates,
1551 3699 1581 3755 et

357 3810 507 3897 Joannes
531 3807 750 3894 Lipomanus,
769 3806 821 3873 uir
841 3806 999 3893 patritius
1019 3818 1053 3873 et
1072 3806 1282 3875 authoritate
1300 3817 1336 3873 et
1356 3804 1483 3891 opibus
1502 3804 1581 3869 inter

362 3944 443 3990 suos
460 3934 648 4009 praestana,
663 3944 828 4009 magnum
845 3922 944 3989 nobis
960 3921 1137 4009 negotium
1153 3924 1351 4004 facesseret,
1368 3919 1507 4007 scripsit
1522 3920 1581 3985 Pa·

362 4049 415 4105 ter
428 4042 564 4124 Laynez
581 4038 624 4105 ad
642 4039 778 4105 Patrem
795 4050 951 4105 nostrum
967 4060 1036 4124 quo
1052 4036 1087 4103 in
1102 4049 1196 4105 statu
1211 4058 1267 4105 res
1278 4046 1406 4116 essent,
1419 4036 1464 4103 ab
1480 4050 1581 4120 eoque
1689 4023 1690 4110 i

363 4176 423 4240 per
440 4154 568 4222 litteras
585 4153 682 4240 petiit
698 4165 737 4219 ut
753 4153 891 4221 missam
908 4176 971 4240 pro
988 4156 1055 4220 hoc
1082 4153 1223 4239 negotio
1244 4153 1384 4232 faceret,
1406 4172 1476 4238 quo
1496 4154 1582 4219 Deus
1689 4193 1690 4244 ,

362 4270 478 4337 omnia
499 4269 556 4335 illa
581 4268 824 4355 impedimenta
851 4290 915 4336 sua
941 4270 1071 4335 uirtute
1097 4280 1342 4355 perrumperet.
1371 4267 1469 4336 Fecit
1490 4269 1582 4333 Pater
1689 4257 1690 4274 l

363 4397 479 4453 noster
507 4387 598 4471 quod
628 4387 782 4471 rogabat,
805 4397 840 4453 et
858 4384 915 4452 die
936 4383 1190 4471 Assumptionis
1214 4384 1271 4453 uel
1291 4381 1491 4451 Natiuitatis
1509 4382 1581 4471 (non
1689 4467 1690 4474 ἵ

417 4568 431 4595 v
450 4554 582 4619 Natalis,
596 4554 692 4611 deleto
705 4552 850 4627 pontifex,
871 4554 992 4627 scripsit
1007 4552 1175 4622 cardinalis;
1194 4554 1245 4609 sed
1257 4570 1330 4610 cusu
1342 4552 1401 4608 itta
1420 4549 1582 4608 emendatio

363 4644 524 4698 obliterata
536 4649 588 4703 est,
610 4660 659 4687 ..x
676 4644 810 4703 Natalis.
823 4644 937 4698 iterum
949 4642 1114 4698 cancellato
1127 4642 1270 4714 pontlfex,
1283 4640 1406 4714 scripsit
1417 4637 1577 4696 cardinalis
