3500 5367
529 438 693 508 Qunnonu
711 451 753 492 ns
772 437 940 494 Gurrnnuo
960 439 1126 495 Posrnmo
1353 452 1406 508 709

207 589 307 657 altari
323 588 485 658 basilicae
500 589 755 673 Lateranensis,
773 589 808 658 in
824 613 894 676 qua
909 591 1092 676 quiescunt
1109 591 1202 660 Petri
1220 603 1253 660 et
1269 593 1366 659 Pauli
1382 613 1442 660 ca-

206 704 293 792 pita.
316 708 441 792 Denuo
460 705 496 772 in
517 706 619 789 aede,
641 706 824 775 memoriae
852 709 1000 776 Sanctae
1027 708 1149 776 Crucis
1176 720 1321 787 sacrata,
1352 709 1441 776 idern

206 833 322 888 ratum
349 842 453 908 super
479 820 677 908 primarium
698 824 804 890 altare
825 823 904 890 volo
929 835 1033 908 atque
1054 824 1233 893 confirmo.
1256 827 1380 890 Denuo
1408 824 1444 893 in

205 939 295 1004 aede
309 939 354 1004 D.
374 936 549 1005 [aurentii
564 949 661 1006 extra
681 940 862 1019 murosad
883 942 927 1007 D.
952 940 1117 1026 Stephani
1139 951 1174 1007 et
1195 939 1372 1008 Laurentii
1393 941 1445 1007 al·

208 1065 294 1122 tare.
310 1052 431 1120 Itidem
447 1053 649 1120 confirmaui
665 1077 769 1140 super
785 1055 891 1122 altare
907 1055 1017 1123 maius
1032 1054 1047 1096 ¹³
1062 1058 1107 1123 D.
1123 1055 1253 1123 Mariae
1265 1057 1308 1121 ad
1322 1055 1443 1127 Niues.

200 1172 359 1238 Demum
374 1168 410 1236 in
426 1171 471 1238 D.
486 1169 588 1256 ‚Petri
609 1169 752 1237 basilica
773 1193 876 1257 super
897 1173 1004 1238 altare
1025 1172 1146 1252 maius,
1171 1171 1228 1237 vbi
1249 1185 1330 1238 sunt
1346 1193 1445 1238 sacra

202 1284 354 1371 lipsana.

806 1405 857 1486 8⁰

498 1535 763 1604 SENTENTIA
788 1539 938 1605 TRIUM
962 1536 1158 1605 PATRUM

349 1671 401 1718 nn
436 1669 644 1719 Posrnnrr
682 1668 856 1719 sernrru
893 1673 943 1720 nr
978 1656 1311 1720 racusmnmus‘

777 1847 783 1857 ,
824 1794 841 1845 l

580 1943 582 1946 Α
794 1849 862 1915 lhs.

284 1982 350 2049 Noi
379 1981 454 2063 trei,
477 1981 537 2069 qui
558 1992 650 2048 sotto
678 1981 799 2062 scritti,
822 1982 1029 2069 congregati
1056 1981 1211 2062 insieme,
1234 2003 1293 2068 per
1320 1993 1449 2065 quanto

212 2118 340 2166 auemo
357 2108 478 2184 potuto
498 2097 677 2184 giudicare
697 2108 793 2163 tanto
813 2097 895 2166 delli
911 2097 1045 2184 seriptti
1061 2119 1195 2164 comme
1216 2097 1304 2166 delle
1322 2096 1450 2182 parolle

212 2214 261 2281 de
277 2213 381 2281 micer
398 2213 561 2292 Postello,
578 2234 743 2298 pensamo
759 2215 837 2294 che,
851 2213 1012 2300 aduenga
1024 2215 1092 2282 che
1108 2213 1141 2280 la
1157 2235 1221 2280 sua
1238 2214 1382 2280 uolunta
1398 2212 1449 2278 sia

213 2329 344 2409 buona,
362 2327 583 2409 nondimeno,
601 2329 626 2393 il
641 2349 706 2394 suo
721 2328 841 2414 spirito
862 2339 898 2394 et
914 2328 1093 2415 prophetie
1109 2329 1140 2396 ci
1157 2347 1285 2414 pareno
1301 2327 1451 2395 illusioni

216 2443 400 2512 manifeste
422 2445 478 2510 del
502 2442 675 2523 demonio,
695 2458 732 2511 et
753 2443 934 2529 phantasie
950 2457 1152 2529 puramente
1176 2446 1327 2510 humane
1348 2465 1452 2511 senza

217 2561 443 2626 fundamento
458 2559 600 2645 aiguno,
619 2571 654 2626 et
678 2571 758 2645 apte
774 2581 794 2625 a
815 2559 1006 2644 ingannare
1023 2581 1044 2625 a
1060 2560 1156 2626 molti
1177 2559 1317 2641 curiosi,
1337 2571 1370 2626 et
1392 2580 1453 2644 per

216 2677 292 2742 fare
307 2675 438 2762 grande
459 2675 584 2741 damno
604 2685 639 2742 et
655 2676 818 2741 scandalo
835 2675 924 2742 nella
944 2675 1059 2744 chiesa
1075 2676 1130 2741 del
1151 2673 1293 2760 signore
1309 2674 1387 2740 Dio.
1408 2676 1452 2740 Et

217 2801 342 2874 questo
359 2784 587 2859 confessiamo
603 2810 669 2856 con
685 2789 768 2875 ogni
780 2789 894 2875 purita
909 2801 944 2854 et
959 2789 1119 2856 sinceriti
1135 2787 1169 2855 di
1186 2811 1301 2869 cuore,
1317 2790 1452 2854 deside-

217 2885 329 2974 rando
343 2909 410 2972 che
426 2905 474 2971 lui
484 2884 574 2972 ⁸fossi
590 2905 759 2972 rimuosso
774 2916 809 2973 et
825 2917 984 2990 separato
999 2906 1042 2972 de
1058 2904 1183 2994 simil[i]
1201 2926 1294 2988 cose,
1312 2905 1344 2971 le
1362 2904 1453 2990 quali

218 3023 299 3089 nea
315 3043 352 3089 se
369 3024 411 3089 ne
427 3022 471 3087 ad
487 3021 563 3088 altri
579 3043 728 3107 possono
743 3021 896 3106 giovare.

288 3140 332 3203 Et
347 3139 472 3224 perche
489 3141 559 3206 cosi
576 3137 773 3225 giudicamo
793 3157 919 3217 essere,
938 3147 1101 3204 metterno
1121 3135 1180 3221 qui
1197 3135 1221 3201 li
1237 3137 1328 3201 nomi
1347 3135 1454 3202 nostri

219 3253 344 3339 hoggi,
361 3253 541 3322 domenica
558 3256 611 3338 5.⁸
626 3263 704 3340 post
721 3255 861 3340 pascha,
880 3251 1013 3319 decima
1030 3252 1112 3320 Maii
1133 3267 1230 3336 1545.

313 3374 537 3440 Armonsns
559 3371 759 3438 Sncuertou
776 3382 801 3435 ².
994 3373 1157 3459 Jnconus
1175 3373 1339 3440 Luoosr..

647 3488 800 3555 Enormo
818 3487 1034 3554 Uoormo.

290 3606 321 3670 A
334 3609 433 3689 tergo
447 3623 556 3668 manu
570 3601 607 3666 S.
624 3601 769 3687 Ignatii.
787 3602 953 3670 Postello.
970 3602 1004 3668 d.

290 3718 372 3784 Atta
392 3737 512 3782 manu.
540 3730 637 3799 1545,
660 3734 700 3782 10
723 3714 817 3783 Maii.
841 3718 1018 3784 Attestato
1035 3715 1069 3782 di
1091 3716 1291 3785 Salmerone
1307 3718 1349 3783 ed
1374 3716 1452 3782 altri

219 3835 292 3900 due
307 3833 396 3901 delle
412 3829 560 3898 illusioni
576 3831 611 3896 di
625 3831 789 3899 Postello.

278 3996 293 4038 b
331 3991 432 4048 maiori
448 4009 503 4046 ms.
542 4007 591 4034 ..a
609 3991 722 4064 Ignota
735 4009 846 4046 manus
855 3997 1020 4064 perperam
1034 3992 1116 4047 inter
1129 4009 1238 4047 nomen
1251 3998 1279 4048 et
1292 4009 1458 4065 cognomen

220 4083 359 4141 addidit:
373 4080 422 4136 de.

224 4183 427 4193 -—-——

279 4227 287 4260 ¹
324 4227 369 4282 Ex
382 4225 455 4281 Cod.
469 4225 557 4283 Rom.
569 4224 593 4291 1,
606 4241 635 4279 n.
647 4224 771 4296 XXXII,
783 4223 869 4279 unico
879 4223 960 4289 folio;
972 4223 1120 4294 integrum
1131 4233 1352 4280 monumentum
1368 4242 1456 4280 manu

221 4317 262 4372 P.
280 4315 460 4370 Salmeronis
472 4312 615 4386 scriptum
628 4322 685 4384 est,
698 4313 932 4386 subscriptiones
946 4330 1016 4368 vero
1034 4320 1103 4368 sunt
1116 4315 1327 4385 autographae.
