3500 5367
438 472 591 533 Consum
611 477 649 532 P..
666 478 850 534 Annozum
869 491 968 533 vim
986 479 1018 538 S.
1040 479 1160 536 133333
1326 492 1378 548 725

249 627 328 692 Atia
344 649 464 692 manu.
485 627 632 695 Videtur
646 632 712 695 hoc
728 629 893 716 seriptum
912 630 1052 700 missum
1068 633 1112 699 ad
1128 632 1308 700 Nicolaum
1322 635 1426 700 Lan-¹

157 741 316 823 cicium3
334 764 414 809 nam
429 743 624 813 immediate
639 748 841 832 adiunctum
858 756 912 812 est
927 747 1140 834 responsioni
1156 749 1198 814 ad
1215 748 1412 816 Lancieiuni

165 859 316 938 missae,
334 881 436 945 quam
452 860 509 926 hic
524 860 604 928 dedi
618 863 678 928 fol.
699 877 733 945 5.

247 977 442 1061 Inscriptio.
466 977 503 1041 13
532 977 679 1064 collegio
706 976 889 1046 societatis
907 981 992 1066 Jesu
1016 978 1159 1046 Lovanii
1182 991 1351 1060 servatur,
1376 981 1411 1045 in

161 1090 338 1157 cubiculo
359 1093 400 1159 R.
424 1094 464 1158 P.
488 1093 642 1172 rectoris,
666 1096 918 1179 autographum
947 1081 992 1161 m?
1014 1097 1054 1160 P.
1079 1094 1222 1164 Oliverii
1244 1095 1408 1175 Manarei‚

161 1229 196 1289 q
202 1207 271 1271 uod
286 1207 452 1292 sequitur.

763 1374 815 1453 88

167 1501 397 1568 CENSURA
410 1502 706 1569 IGNATIANAE
719 1503 862 1570 VITAE
876 1503 1043 1570 PATRIS
1056 1503 1406 1570 RIssADENEIRAE

569 1639 738 1686 3003033
767 1639 798 1684 P.
826 1639 982 1688 3330310
1009 1621 1016 1651 “

229 1776 281 1833 LO
303 1777 387 1847 QUE
413 1777 546 1832 FALTA
569 1778 622 1832 EN
644 1777 743 1833 ESTE
765 1777 884 1836 LIBRO
908 1780 960 1834 DF.
983 1778 1035 1833 LA
1058 1778 1158 1832 VIDA
1181 1779 1235 1832 DF.
1258 1779 1296 1833 N.
1322 1779 1353 1834 P.

604 1889 647 1931 33
666 1888 769 1934 santa
789 1889 934 1933 3330333
956 1882 979 1932 ’.

243 2019 326 2104 Hijo
341 2020 397 2086 del
413 2030 516 2088 senor
536 2020 579 2086 de
606 2020 719 2100 0333,
742 2023 776 2085 13
797 2027 870 2088 mas
892 2021 1035 2108 antigua
1059 2043 1138 2088 casa
1158 2021 1202 2088 de
1223 2023 1339 2107 Spana
1355 2023 1366 2054 ⁵
1385 2041 1406 2105 y

173 2135 253 2201 sola
269 2136 311 2201 de
326 2155 367 2201 su
385 2137 540 2216 nombre3
559 2141 671 2220 yestd
686 2135 837 2202 diuidida
858 2137 975 2222 Sparta
990 2159 1033 2203 en
1055 2137 1185 2204 vandos
1205 2137 1248 2202 de
1270 2138 1369 2203 Onaz
1385 2159 1407 2221 y

171 2252 336 2318 Gamboa
352 2256 373 2316 6
389 2271 427 2320 se
441 2251 591 2318 reduzen
608 2257 629 2316 a
644 2252 729 2320 ellos
743 2248 830 2340 [3131.

241 2368 355 2433 Eehos
381 2365 545 2435 militares
570 2366 615 2431 de
641 2389 701 2434 sus
729 2368 873 2453 pasados
900 2374 996 2435 estin
1025 2367 1170 2454 scriptos
1191 2390 1272 2452 muy
1301 2370 1405 2434 haza-

174 2493 293 2551 nosos

241 2601 294 2666 De
310 2611 426 2666 tantos
442 2600 513 2665 mill
528 2610 644 2685 aeotes
664 2621 726 2685 por
747 2601 893 2685 algunas
914 2601 986 2685 ojas
1006 2622 1074 2685 que
1098 2621 1134 2666 se
1158 2619 1345 2682 quemaron
1362 2601 1405 2664 de

171 2715 223 2779 las
239 2717 343 2781 horas
358 2737 402 2781 en
419 2736 487 2800 que
503 2717 636 2782 rezaba.
719 2785 725 2794 ,
798 2755 804 2763 ·

240 2831 392 2916 Comprd
408 2853 452 2899 en
469 2830 593 2897 Lerida
608 2832 641 2898 el
660 2852 741 2896 saco
757 2854 779 2914 y
796 2833 826 2896 la
842 2833 1031 2918 alpargata.

241 2948 290 3013 La
304 2946 398 3013 mula
412 2947 500 3012 durd
516 2948 665 3012 muchos
680 2955 766 3012 anos
781 2967 825 3011 en
842 2948 1161 3015 Montserrat.-Lo
1176 2948 1219 3013 de
1243 2950 1316 3013 11.το
1333 2959 1358 3014 ².

240 3064 292 3128 Lo
306 3063 362 3128 del
379 3061 392 3100 b
482 3063 526 3131 de
542 3073 567 3127 ⁰.
1423 3057 1425 3062 ’

239 3179 291 3244 Lo
305 3179 348 3244 de
365 3179 491 3244 Ysabel
507 3181 616 3246 Roser
631 3201 674 3246 33
690 3179 722 3244 31
743 3184 892 3260 sermon,
909 3201 931 3264 y
953 3179 984 3248 el
1005 3177 1144 3245 vndirse
1167 3178 1267 3264 aquei
1289 3183 1402 3244 nauio.

239 3294 289 3359 Lo
306 3314 374 3377 que
394 3299 542 3380 aseguro
565 3300 585 3358 a
606 3295 722 3360 Araoz
739 3295 771 3361 el
791 3315 920 3380 pasage
941 3301 961 3360 a
981 3295 1110 3380 Spatia,
1133 3293 1276 3360 estando
1300 3294 1331 3359 la
1348 3315 1404 3360 ar-

171 3408 274 3474 mada
290 3409 345 3474 del
362 3419 460 3476 turco
476 3431 520 3476 en
537 3411 659 3476 Tolon.

241 3526 290 3591 Lo
305 3527 349 3592 de
364 3525 415 3591 los
431 3527 585 3612 lagartos
603 3549 646 3592 en
662 3527 713 3592 los
730 3526 896 3608 Pirineos,
917 3527 1063 3594 rezando
1079 3532 1099 3592 a
1115 3548 1182 3592 vna
1198 3545 1291 3592 cruz.

172 3685 383 3694 ψ..-

223 3781 237 3805 ³
274 3763 420 3835 Sequitur
431 3766 555 3822 verbum
567 3766 648 3851 quod
660 3766 760 3838 legere
770 3783 831 3821 mm
840 3767 1005 3820 valuimus.
1044 3768 1093 3810 -b
1113 3765 1261 3836 Sequitur
1272 3766 1407 3828 verbum,

163 3854 248 3922 quod
262 3853 382 3908 videtur
394 3855 493 3909 dicere
506 3853 669 3926 areobispm
683 3855 731 3909 vel
737 3854 823 3926 forie
840 3855 1068 3910 atrobaimiento.
1090 3869 1137 3897 -0
1157 3855 1265 3909 Exstat
1282 3854 1405 3910 verbum

162 3943 249 4011 quod
261 3961 320 3996 mm
334 3943 490 3998 valuimus
504 3943 688 4016 intelligere:
701 3943 823 3998 videtur
835 3943 900 4016 legi
909 3949 1007 4015 posse:
1021 3942 1115 4017 borja.

225 4173 231 4202 ¹
270 4170 314 4222 Ex
327 4169 505 4225 adversariis
519 4170 712 4240 originalibus
726 4172 759 4226 P.
773 4170 901 4242 Arasmi,
918 4170 947 4226 in
961 4169 1034 4225 0οά.
1050 4169 1213 4236 Censurae,
1228 4170 1258 4226 ff.
1273 4171 1305 4225 16
1320 4179 1350 4226 et
1363 4184 1406 4239 17.

221 4265 233 4290 ³
271 4259 436 4330 Quaedam,
459 4277 534 4331 quae
557 4258 587 4314 in
610 4260 704 4332 prima
723 4259 892 4329 ignatianae
915 4259 996 4314 vitae
1018 4257 1150 4314 editione
1172 4259 1279 4315 deesse
1301 4259 1350 4327 hie
1368 4259 1407 4312 ab

166 4346 454 4418 Araoziodicuntur,
469 4348 549 4404 eain
566 4349 762 4421 sequentibus
779 4348 963 4405 editionibus
981 4349 1046 4420 ipse
1063 4347 1264 4404 Ribadeneira
1281 4347 1404 4413 addidit,

165 4451 227 4490 uon
239 4435 358 4508 quidem
371 4437 480 4506 omnia,
495 4437 549 4493 sed
561 4455 637 4511 quae
654 4439 777 4510 probata
795 4438 837 4494 1111
854 4437 985 4493 fuerunt.
1005 4437 1072 4493 Non
1085 4437 1165 4492 enim
1187 4437 1314 4508 singula,
1328 4454 1405 4510 quae

168 4525 313 4580 Araozius
325 4527 421 4594 affert,
435 4526 552 4582 admitti
564 4536 647 4582 recte
660 4543 747 4599 posse
761 4528 909 4584 videntur.

221 4617 232 4646 ³
269 4615 319 4670 Sic
332 4617 487 4688 perspicue
500 4619 556 4672 hoc
569 4618 646 4688 loco,
659 4625 689 4672 et
702 4616 801 4672 statim
816 4616 845 4672 in
859 4615 963 4672 eadem
978 4615 1108 4688 periodo.
1121 4616 1231 4670 Forsan
1242 4615 1402 4686 legendum

163 4705 206 4759 sit
220 4705 250 4759 in
263 4714 388 4780 utroque
402 4708 467 4762 loco
480 4706 700 4779 «Guipdzcoau.
