3500 5367
465 492 498 546 Ρ.
518 491 705 548 Succffluus
724 503 768 544 nrt
786 489 819 548 P.
840 489 962 546 Sruouu
981 489 1159 546 Roosmcro
1342 504 1396 562 705

185 645 271 710 ullo
287 665 437 729 unquam
465 654 620 730 tempore
647 642 688 710 in.
703 641 858 710 Historia
885 651 1002 708 nostra
1030 640 1095 708 fuit
1114 644 1339 727 narrandum,
1358 644 1433 715 sine

185 759 306 826 dubio
321 759 553 845 incipiendum
571 759 636 826 suit
651 761 695 826 ab
711 757 856 854 exordio
870 757 957 843 ipsu.

268 875 320 958 7.⁰
364 877 454 943 Cum
470 897 509 943 se
519 878 620 944 offert
632 875 780 955 occasio,
794 896 863 941 non
877 873 1048 974 parcimus
1063 873 1274 956 ciuitatibus,
1288 898 1434 961 quarum

192 1013 312 1059 mores
327 991 493 1077 pessimos
507 991 745 1073 describimus;
760 1011 830 1056 non
845 988 1055 1070 nationibus,
1070 1011 1215 1076 quarum
1227 991 1431 1075 barbariem3
1522 975 1525 981 ⁵

194 1130 270 1174 non
286 1107 510 1194 principibus,
528 1129 674 1192 quorum
695 1105 951 1184 insectationes,
974 1126 1063 1190 quae
1084 1105 1212 1191 aliquid
1233 1117 1354 1174 contra
1369 1129 1434 1175 nos

194 1223 338 1290 molitae
357 1235 448 1291 sunt.
470 1225 542 1292 Cur
569 1241 655 1310 ergo
682 1243 864 1308 parcamus
892 1216 1035 1288 nostris?
1062 1222 1135 1290 Cur
1155 1232 1272 1288 nostra
1299 1223 1434 1310 operia-

196 1360 291 1418 mus,
308 1351 344 1407 et
359 1338 583 1406 adhibeamus
599 1339 735 1425 pondus
750 1349 785 1404 et
801 1337 947 1423 pondus,
967 1357 1161 1403 mensuram
1173 1348 1208 1404 et
1223 1359 1432 1420 mensuram,

192 1475 291 1538 quae
305 1454 513 1522 abominatio
529 1465 582 1523 est
598 1456 690 1540 apud
706 1455 841 1520 Deum?

270 1553 322 1638 8.⁰
369 1569 534 1638 Omnium
560 1571 660 1656 plane
692 1590 873 1636 sacrarum.
897 1569 1188 1656 profanarumque
1215 1567 1435 1636 historiarum

188 1687 358 1772 exempla
373 1687 441 1752 hoc
456 1687 594 1754 docent.
614 1685 708 1770 Quid
724 1707 809 1775 ergo
825 1706 889 1752 nos
910 1683 1119 1771 singularem
1146 1683 1292 1751 uelimus
1313 1685 1435 1754 Histo-

197 1801 288 1868 riam
304 1803 472 1868 nostram?
499 1795 732 1887 Quamquam,
763 1813 801 1867 ut
828 1800 912 1882 dixi,
942 1822 1011 1867 non
1039 1799 1180 1867 historia
1195 1810 1287 1870 esset
1304 1800 1436 1889 simpli·

190 1917 301 1984 citer.

270 2033 323 2120 9.⁰
371 2037 517 2104 Possent
531 2035 648 2102 afferri
663 2034 768 2100 etiam
782 2032 977 2100 testimonia
989 2055 1031 2102 ex
1043 2032 1267 2119 sapientibus:
1282 2033 1344 2100 sed
1358 2032 1436 2099 uni-

196 2171 282 2216 cum
298 2149 382 2215 satis
396 2164 450 2218 est
465 2149 529 2218 Sti.
549 2148 740 2237 Augustini
757 2148 793 2215 in
811 2141 874 2217 Ρε.Ι
888 2171 944 2236 qq,
961 2149 1006 2216 de
1021 2149 1125 2216 modo
1137 2148 1299 2215 laudandi
1313 2149 1368 2216 uel
1382 2147 1434 2215 ui-

198 2264 384 2350 tuperandi
401 2275 521 2332 coetus
536 2265 716 2352 religiosos
731 2275 766 2334 et
783 2263 868 2332 alios
888 2264 1029 2349 quosuis
1039 2261 1055 2330 :'
1065 2284 1167 2350 quem
1183 2265 1297 2330 locum
1314 2251 1436 2351 precor

199 2382 288 2448 R.²¹¹²
303 2383 393 2450 V.⁸¹²¹·
403 2393 441 2447 ut
457 2383 615 2448 ostendat
632 2380 807 2460 Patribus,
825 2391 893 2447 etc.
912 2379 1034 2465 Incipit
1054 2379 1115 2447 sic:
1134 2381 1241 2447 Modo
1260 2390 1375 2447 autem
1393 2403 1436 2449 ne

192 2516 348 2562 securus
362 2497 482 2563 laudes
498 2496 685 2581 quamlibet
705 2497 824 2574 uitam,
847 2506 915 2564 etc.
939 2494 1031 2563 Hinc
1052 2507 1167 2564 autem
1190 2496 1356 2562 falluntur
1372 2499 1435 2563 ho-

201 2612 326 2691 mines,
343 2623 410 2679 etc.
430 2613 559 2678 Eodem
574 2622 734 2698 spectant
749 2612 899 2682 rationes
911 2633 1042 2690 omnes,
1057 2632 1143 2696 quas
1159 2612 1312 2711 afferunt
1324 2611 1435 2678 sancti

203 2729 326 2794 Patres
342 2749 448 2812 quare
462 2730 560 2794 Deus
577 2726 724 2796 uoluerit
746 2727 851 2793 scribi
872 2727 908 2793 in
928 2727 1034 2794 sacris
1055 2725 1217 2793 Historiis
1238 2738 1306 2794 tarn
1327 2728 1436 2795 multa
1476 2789 1479 2798 .

200 2850 343 2927 tamque
357 2841 478 2928 grauia
504 2843 677 2923 scandala,
707 2865 793 2928 quas
809 2845 849 2910 R.
874 2845 918 2911 V.
949 2841 1076 2930 optime
1091 2842 1168 2921 scit,
1194 2853 1230 2910 et
1257 2841 1313 2909 alii
1338 2843 1437 2910 facile

200 2969 351 3043 possunt
372 2958 537 3027 inuenire.

274 3076 377 3158 Quod
389 3074 539 3160 pertinet
551 3077 595 3141 ad
609 3087 667 3159 3.¹²²
679 3086 794 3162 caput,
809 3096 896 3162 rogo
909 3075 1040 3156 Patres
1056 3074 1150 3156 ut,‘si
1162 3075 1244 3163 quid
1257 3087 1436 3162 peccatum

202 3190 243 3255 in
258 3210 300 3258 eo
315 3201 380 3272 est,
398 3193 541 3259 credant
561 3213 632 3258 non
652 3190 835 3259 affectione
850 3203 1029 3277 peccatum
1048 3204 1107 3259 aut
1123 3192 1188 3259 alia
1208 3191 1435 3279 malignitate.

199 3305 302 3390 Quid
316 3305 407 3372 enim
423 3306 511 3373 lucri
532 3306 611 3373 inde
635 3307 749 3388 nobis,
775 3307 834 3391 qui
858 3307 1132 3375 contabescimus
1155 3319 1190 3375 et
1214 3308 1378 3376 morimur
1401 3307 1436 3374 in

204 3421 312 3501 libris,
332 3433 371 3489 ut
385 3444 446 3508 per
461 3421 690 3491 obedientiam
707 3434 741 3491 et
757 3423 973 3507 obsequium,
992 3424 1086 3508 quod
1107 3423 1168 3490 toti
1192 3424 1355 3492 Societati
1375 3426 1438 3490 de—

204 3538 341 3618 bemus,
359 3537 575 3606 inueniamus
591 3561 611 3606 a
627 3540 702 3604 Deo
715 3537 851 3605 ueniam
864 3549 1059 3605 nostrorum
1072 3551 1305 3625 peccatorum,
1319 3551 1355 3608 et
1370 3542 1438 3610 sal-

204 3671 329 3719 uemus
345 3652 476 3720 animas
491 3655 640 3722 nostras?
656 3653 693 3722 Si
709 3653 792 3737 quid
807 3652 914 3739 igitur
930 3653 965 3718 in
982 3675 1023 3731 eo
1044 3654 1272 3738 desideratur,
1299 3655 1364 3723 fult
1383 3656 1438 3722 in-

202 3768 326 3836 scitiae
346 3779 484 3837 nostrae
504 3779 539 3838 et
560 3768 657 3835 exilis
677 3763 890 3856 prudentiae,
914 3769 995 3853 quia
1016 3769 1101 3835 nihil
1124 3769 1247 3838 melius
1274 3771 1439 3839 sciuimus

202 3896 267 3951 aut
282 3884 468 3970 potuimus;
481 3898 516 3952 et
532 3886 642 3952 multo
658 3885 821 3954 libentius
836 3887 959 3970 procul
976 3885 1081 3952 dubio
1096 3875 1351 3973 scripsissemus
1368 3888 1439 3954 lae-

208 4012 243 4067 ta
266 4012 301 4066 et
325 4001 435 4069 fausta
457 4002 584 4070 omnia.
604 4002 732 4069 Sumus
753 4000 842 4066 enim
867 4003 1021 4069 membra
1040 4000 1193 4069 eiusdem
1215 3997 1380 4090 corporis
1405 4016 1440 4070 ct

203 4116 267 4183 filii
282 4117 434 4184 eiusdem
451 4117 581 4197 matris,
600 4137 666 4182 nec
687 4137 870 4203 possumus
889 4137 1090 4184 communes
1109 4119 1244 4186 dotores
1268 4140 1337 4185 non
1360 4141 1435 4186 sen·

205 4233 283 4300 tire.
303 4234 373 4302 Sed
389 4245 503 4303 tamen
523 4214 785 4302 considerentur
805 4232 989 4319 diligenter
1009 4233 1133 4300 omnia:
1160 4234 1244 4302 satis
1264 4234 1440 4322 apparebit

204 4351 298 4416 bona
319 4351 478 4416 uoluntas
499 4360 628 4415 nostra.
654 4349 742 4416 Nam
766 4348 942 4434 apparebit
966 4350 1073 4416 multa
1096 4350 1250 4437 potuisse
1277 4351 1440 4437 explicari

205 4463 329 4544 fusius
349 4485 438 4550 quae
453 4464 552 4550 quasi
574 4463 781 4551 compendio
803 4463 1035 4550 attinguntur,
1054 4477 1089 4531 et
1104 4467 1215 4532 solum
1232 4466 1439 4548 indicantur,

206 4581 334 4646 multas
350 4580 502 4666 potuisse
517 4580 596 4648 addi
612 4579 912 4667 interpretationes
932 4580 1137 4664 seueriores,
1157 4582 1216 4648 ubi
1232 4583 1345 4669 potius
1360 4605 1441 4670 pro-

204 4695 321 4762 uisum
337 4709 390 4762 est
407 4707 444 4763 ut
460 4697 563 4782 culpa
582 4707 818 4763 remoueretur
835 4718 855 4763 a
872 4698 913 4762 P.
932 4695 1084 4778 Simone,
1103 4708 1139 4764 et
1159 4697 1443 4768 intersererentur

341 4810 446 4857 Morou.
463 4810 678 4857 lesan-Suum
693 4809 812 4863 1V,rou.
830 4811 853 4854 l.
1282 4815 1310 4858 45
