3500 5367
421 458 614 513 Marrorrrarrr
633 457 666 512 Ρ.
687 455 860 512 Consarvrr
878 469 922 512 mr
940 455 972 515 S.
993 456 1128 512 100000
1303 468 1352 523 251

149 616 236 679 huin
255 622 353 680 rosto
370 635 390 681 e
405 611 563 698 palauras
579 611 622 679 de
640 622 735 680 tanto
750 612 943 698 desgostou.
958 631 978 676 e
998 609 1268 678 extraordinario
1291 632 1394 677 «sen-

151 729 341 808 timento,»
367 749 435 812 que
457 736 669 796 certarnente
689 749 744 795 me
764 747 827 812 pos
847 747 902 792 enr
924 724 1158 809 admiraoaoo
1180 747 1200 792 e
1224 725 1397 793 «deu-lhe

151 845 261 910 huma
290 844 520 928 reprehensao
540 863 560 908 e
582 842 713 928 capello
734 852 802 910 tam
825 862 959 928 aspero
984 862 1131 926 querna
1157 852 1322 928 espantey
1346 844 1389 908 da

151 959 335 1044 paciencia
354 960 418 1024 do»
443 959 485 1028 P.
507 957 631 1040 Nadal‚
653 943 808 1026 com⁸ter
825 958 957 1044 grande
980 956 1107 1025 noticia
1130 959 1174 1024 de
1197 979 1260 1023 sua
1282 958 1390 1023 muita

151 1075 307 1142 virtude.
336 1075 408 1140 «En
431 1073 492 1154 fin,
515 1075 744 1160 0000109οιιο
769 1075 825 1141 Vn
852 1074 1154 1142 uerdaderamente
1178 1073 1394 1140 mortificado

152 1191 288 1256 bastale
304 1211 351 1254 vn
371 1194 512 1274 «quarto
528 1189 590 1255 der
609 1191 693 1256 hora
711 1210 793 1275 para
808 1211 846 1256 se
861 1189 939 1256 vnir
954 1210 1021 1255 con
1036 1188 1121 1256 Dios
1136 1211 1181 1255 en
1194 1189 1344 1256 oracion.
1360 1191 1394 1254 E

152 1311 218 1371 nao
235 1327 301 1391 sey
318 1327 355 1372 se
371 1327 413 1372 ao
428 1326 558 1372 mesmo
575 1305 749 1392 proposito
765 1303 909 1372 aiuntou
924 1312 1026 1373 entao
1041 1327 1062 1370 0
1078 1326 1147 1389 que
1163 1315 1279 1370 outras
1299 1305 1388 1370 mui-

152 1433 204 1488 tas
226 1441 335 1490 uezes
354 1421 412 1487 lhe
432 1419 514 1487 ouui
535 1419 640 1500 dizer,
664 1442 731 1506 que
752 1421 795 1488 de
820 1439 882 1487 100
902 1419 917 1460 ¹³
939 1440 1079 1507 pessoas
1100 1419 1209 1486 muito
1236 1421 1342 1486 dadas
1368 1426 1388 1484 a

152 1543 277 1621 oraoao
304 1557 361 1603 aas
382 1558 426 1624 90
447 1535 556 1604 sendo
577 1535 728 1603 illusae»
753 1539 781 1603 E
802 1536 907 1602 d'isto
927 1557 983 1605 me
1002 1536 1133 1604 lembro
1154 1535 1262 1602 muito
1278 1537 1389 1602 clara-

153 1663 283 1732 mente,
303 1651 406 1719 ainda
420 1673 489 1737 que
504 1651 636 1718 duuido
653 1675 690 1722 se
706 1652 794 1720 dizia
811 1675 848 1720 as
864 1675 920 1741 99.

223 1787 301 1856 197.
350 1769 382 1836 A
403 1779 478 1836 este
498 1767 672 1855 proposito
693 1779 857 1855 contarey
877 1769 958 1854 aqui
978 1770 1084 1836 huma
1103 1789 1221 1848 cousa,
1244 1789 1313 1852 que
1332 1789 1388 1834 es·

156 1895 285 1967 pantou
301 1906 322 1950 a
338 1883 464 1952 muitos
480 1885 593 1964 n'esta
605 1883 748 1951 materia
760 1887 803 1952 de
815 1884 966 1951 illusoes.
981 1885 1037 1952 No
1048 1898 1138 1952 anno
1150 1885 1194 1952 de
1205 1903 1262 1966 44,
1277 1904 1394 1969 pouco

155 1999 302 2066 maisou
319 2020 450 2079 (00003,
468 2020 507 2068 se
523 2001 709 2068 aleuanrou
725 2021 780 2067 em
796 2000 892 2068 Italia
912 2003 1018 2067 huma
1038 2000 1170 2066 molher
1191 2001 1231 2079 ³⁵,
1256 2001 1387 2064 natural

155 2113 196 2180 de
218 2117 391 2196 Bolonha‚
414 2115 458 2182 de
478 2116 610 2201 grande
630 2115 771 2202 espirito
792 2139 812 2184 e
831 2138 934 2184 nome
954 2117 998 2184 de
1025 2115 1215 2195 santidade,
1246 2136 1265 2181 a
1292 2117 1386 2200 qual,

157 2229 274 2314 depois
290 2231 335 2297 de
347 2223 460 2298 'muito
481 2230 648 2300 exercicio
671 2233 714 2300 de
737 2233 994 2318 contemplacao
1014 2253 1035 2300 e
1054 2252 1176 2299 cousas
1196 2230 1385 2299 extraordi-

158 2344 268 2414 narias
285 2346 402 2426 n'ella,
420 2368 458 2440 se
475 2347 533 2432 109
549 2353 587 2414 as
602 2352 807 2416 montanhas
823 2349 867 2418 de
883 2347 1039 2414 Bolonha
1051 2369 1132 2433 pera
1144 2368 1219 2414 corn
1233 2369 1254 2413 0
1268 2367 1391 2432 mayor

160 2463 393 2545 apartame'nto
408 2462 452 2530 da
469 2473 574 2549 gente
589 2485 628 2531 se
644 2465 705 2530 dar
725 2464 769 2531 de
790 2465 871 2530 todo
891 2469 912 2530 a
932 2485 995 2530 sua
1015 2462 1199 2550 perseica03
1223 2485 1242 2529 e
1264 2461 1390 2530 n’cllas

160 2577 297 2643 reduzia
313 2574 341 2644 'e
367 2577 545 2646 conuertia
565 2601 584 2646 a
604 2578 731 2646 muitos
752 2580 973 2660 salteadores‚
996 2578 1219 2658 homiziados,
1241 2599 1261 2644 e
1281 2588 1389 2664 gente

160 2691 298 2774 perdide
314 2715 381 2778 que
398 2715 459 2780 por
476 2693 531 2760 alli
548 2696 648 2776 anda,
668 2696 890 2763 trazendo-os
905 2701 925 2761 a
940 2693 1135 2781 penitencia
1150 2694 1350 2761 econiissao
1367 2713 1392 2758 e

159 2807 240 2875 mais
256 2821 502 2891 sacramentor,
521 2833 589 2896 que
604 2812 686 2909 lhes·
694 2811 917 2878 ministrando
932 2813 1023 2878 huns
1038 2811 1234 2877 sacerdotes
1255 2810 1298 2875 de
1319 2810 1386 2875 boa

162 2921 246 3004 vida,
265 2946 333 3010 que
350 2946 431 3012 pera
447 2938 520 2992 este
535 2927 593 2992 fim
611 2926 757 2994 residiao
772 2928 840 3014 ally
856 2947 931 2994 com
948 2927 1025 2995 ella.
1045 2927 1078 2994 Ο
1095 2947 1163 3018 que
1178 2927 1281 2993 sobre
1303 2926 1391 2990 tudo

162 3057 321 3122 pasmaua
338 3063 358 3108 a
375 3041 470 3108 Italia
486 3063 557 3124 era,
575 3063 642 3127 que
664 3041 759 3109 tinha
784 3064 837 3110 ern
862 3063 883 3108 0
905 3043 984 3109 lado
1006 3045 1111 3109 huma
1134 3044 1245 3128 chaga
1268 3042 1387 3107 aberra

160 3173 253 3222 como
274 3179 295 3223 a
316 3158 360 3226 de
380 3157 418 3225 S.
442 3159 469 3224 F
471 3157 638 3239 rancis00,
661 3160 704 3225 dc
731 3181 798 3246 que
825 3160 1013 3228 reaimente
1028 3178 1174 3225 manaua
1190 3177 1330 3242 sangue.
1358 3157 1391 3221 Ε

163 3289 263 3339 soaua
281 3283 379 3340 tanto
391 3283 464 3341 esta
485 3273 686 3358 marauilha‚
709 3295 776 3360 que
797 3275 840 3342 de
864 3274 991 3342 muitas
1012 3287 1128 3362 partes
1151 3273 1262 3340 corria
1282 3282 1391 3358 gente

162 3385 246 3468 polla
269 3409 342 3470 ver3
366 3409 386 3456 e
407 3389 520 3474 aynda
539 3389 626 3456 dous
651 3391 781 3458 Padres
804 3391 915 3458 d'esta
938 3388 1115 3477 prouincia
1137 3391 1181 3455 de
1206 3388 1386 3474 portugal,

164 3499 262 3570 uindo
276 3505 322 3570 de
339 3505 459 3584 Roma,
479 3511 632 3572 trocerao
651 3507 733 3571 hum
755 3527 866 3591 pouco
888 3507 932 3574 de
953 3527 1014 3573 seu
1035 3504 1209 3586 caminho‚
1231 3525 1295 3590 por
1316 3525 1381 3570 am-

164 3614 233 3700 bos,
251 3641 297 3686 ou
314 3621 395 3686 hum
413 3620 545 3702 d'elles,
564 3642 584 3687 a
600 3623 760 3706 poderem
777 3643 850 3690 uer:
869 3641 889 3688 e
905 3622 1044 3708 quando
1061 3628 1101 3688 ca
1117 3625 1301 3707 chagarao,
1319 3641 1392 3705 que

164 3730 216 3816 foy
231 3757 276 3802 no
292 3757 382 3802 anno
398 3737 442 3803 de
459 3752 513 3820 51,
532 3757 586 3803 me
602 3743 763 3804 contarao
779 3737 845 3805 isto
866 3758 943 3806 corn
967 3748 1063 3805 tanta
1085 3737 1278 3821 satisfacio,
1304 3756 1389 3821 que.

164 3865 232 3916 corn
247 3861 292 3918 eu
308 3874 363 3920 ser
380 3874 461 3938 moy
477 3851 686 3920 difficultoso
702 3876 756 3922 em
772 3854 834 3920 dar
850 3855 980 3922 credito
996 3877 1017 3920 a
1030 3853 1170 3940 spiritos
1190 3856 1233 3920 de
1255 3853 1385 3921 molhea

119 3962 121 3969 ⁴
166 3981 225 4045 (ες,
242 3968 358 4054 fiquey
374 3988 449 4034 com
466 3979 633 4057 coneeyto
650 3971 834 4056 d’aquella3
852 3992 871 4037 e
889 3971 1032 4038 tendo-a
1044 3992 1106 4056 por
1118 3991 1227 4037 cousa
1239 3970 1384 4056 grande,

167 4099 184 4143 a
197 4080 318 4170 contey
334 4089 354 4150 a
371 4087 501 4171 raynha
517 4086 560 4152 de
578 4087 623 4152 tal
637 4108 810 4172 maneyra,
825 4107 894 4173 que
904 4085 1046 4155 deseiou
1062 4086 1170 4152 muito
1182 4086 1225 4152 de
1239 4098 1289 4154 ter
1301 4083 1392 4151 mais

167 4195 283 4266 noticia
299 4200 343 4276 de
359 4221 439 4268 suas
455 4223 591 4271 consae.

225 4315 373 4400 Quando
388 4313 507 4403 'depois
523 4318 583 4404 suy
601 4339 620 4384 a
636 4320 742 4386 Roma
760 4340 780 4385 a
795 4318 956 4408 primeira
970 4341 1046 4401 vez,
1065 4319 1170 4385 uindo
1187 4320 1268 4384 hum
1289 4318 1346 4383 dia
1366 4340 1386 4382 a

168 4449 366 4466 '‘nnn-...-

214 4520 227 4562 b
263 4521 466 4577 Emendatum
479 4527 522 4579 est
534 4525 579 4579 ita
593 4528 627 4579 ut
641 4541 721 4580 nunc
734 4525 875 4598 legatur:
889 4543 947 4599 que
959 4525 996 4582 de
1011 4526 1065 4582 las.

170 4619 368 4638 Ἠ

215 4685 235 4722 ³⁵
271 4685 359 4756 Infra,
373 4703 403 4743 0.
418 4684 480 4758 344,
496 4689 660 4760 appellatur
673 4689 745 4744 haec
758 4687 867 4746 femina
880 4705 898 4744 a
910 4688 1070 4746 Consalvio
1084 4690 1244 4746 clicone».
