3500 5367
762 445 970 502 Monunsxrn
989 444 1168 500 Ionncrxnx

947 655 984 736 bl

310 841 315 849 .
427 786 628 853 MONlTlO
646 786 864 854 MATHIAE
881 786 1040 854 FACTA
1058 787 1222 872 ATQUE
1237 786 1463 853 INTIMATA
1482 789 1488 820 ¹

414 946 496 1013 Fuit
513 947 603 1012 facta
619 945 686 1012 alia
702 945 845 1012 monitio
856 946 968 1014 eidem
982 944 1134 1014 Matthiae
1145 965 1188 1012 ex
1206 959 1303 1032 parte
1321 947 1487 1012 Rmorum.
1502 947 1552 1011 do·

346 1062 520 1129 minorum
536 1061 779 1148 gubernatoris
794 1072 829 1128 et
845 1061 963 1128 vicarii
979 1062 1225 1148 predictorum,
1244 1072 1278 1131 et
1298 1062 1408 1129 eidem
1429 1061 1554 1128 Mathiae

346 1177 502 1243 intimata
518 1199 580 1263 per
595 1196 785 1258 cursorem,
800 1177 941 1244 dimissa
957 1175 1020 1244 sibi
1038 1177 1150 1264 copia,
1165 1179 1231 1245 sub
1247 1177 1304 1246 die
1320 1196 1360 1259 14
1370 1177 1459 1267 Junii
1474 1178 1553 1261 1546,

347 1292 476 1360 tenoris
492 1292 668 1378 sequentis
683 1304 709 1357 ².

413 1411 468 1476 De
485 1409 646 1474 mandato
663 1408 752 1475 Rmi.
770 1419 805 1476 et
823 1407 901 1474 Rdi.
919 1409 1134 1475 dominorum
1151 1410 1260 1476 almae
1274 1408 1389 1489 Urbis¹
1406 1409 1557 1494 guberna-

348 1524 476 1594 natoris
491 1534 527 1590 et
542 1523 674 1604 vicarii,
693 1535 873 1591 moneatur
889 1523 1052 1591 dominus
1068 1524 1219 1594 Mathias
1234 1525 1324 1591 dalle
1347 1527 1447 1592 Poste
1466 1523 1555 1608 quali·

350 1653 412 1720 ter,
432 1639 506 1707 uisa
521 1639 772 1727 protestatione
789 1661 850 1726 per
865 1661 945 1708 eum
962 1639 998 1706 in
1014 1640 1100 1707 actis
1117 1641 1275 1720 facta,·et
1297 1639 1475 1726 diligenter
1491 1661 1556 1706 exa-

259 1821 265 1832 ,
349 1757 495 1838 minata,
522 1755 580 1822 illa
603 1779 674 1823 non
698 1757 874 1836 obstante,
902 1755 937 1821 in
959 1755 1029 1822 uim
1052 1756 1302 1824 commissionis
1319 1757 1429 1825 SSmi.
1451 1753 1556 1822 domini

347 1872 457 1939 nostri
483 1871 534 1938 eis
561 1868 707 1960 facta[e],
732 1874 797 1938 sub
812 1872 1189 1947 ,excommunicationis
1212 1870 1226 1912 b
1253 1883 1288 1939 et
1315 1873 1558 1959 quingentorum

349 1989 573 2055 duccatorum
586 1988 660 2054 auri
673 1987 803 2074 poenis,
818 1987 894 2073 ipso
907 1989 1010 2069 facto,
1020 2009 1175 2057 camerae
1187 1988 1395 2074 apostolicae
1406 1988 1559 2074 applican-

350 2106 415 2185 dis,
442 2103 524 2170 uisis
544 2103 795 2189 praesentibus,
819 2107 1026 2190 respondere
1046 2129 1090 2172 an
1111 2103 1235 2172 dixerit
1256 2105 1368 2192 palam
1390 2117 1424 2170 et
1447 2101 1560 2188 publice

351 2221 385 2286 in
402 2218 597 2306 praesentia
613 2218 725 2288 SSmi.
744 2219 873 2286 domini
891 2220 997 2288 nostri
1013 2242 1122 2307 papae
1137 2232 1173 2290 et
1185 2220 1266 2286 alibi
1282 2233 1317 2289 et
1330 2218 1561 2306 quamplurium

352 2335 583 2422 praelatorum
600 2346 635 2402 et
651 2334 792 2401 aliarum
809 2358 1044 2422 personarum,
1064 2337 1156 2421 quod
1172 2335 1418 2403 monasterium
1439 2357 1494 2402 seu
1514 2334 1563 2398 do

312 2526 316 2534 ⁸
354 2473 431 2517 mus
458 2452 551 2520 Stae.
583 2453 755 2532 Marthae,
785 2453 877 2538 apud
904 2454 1016 2521 Stum.
1046 2453 1262 2538 Stephanum
1290 2453 1345 2518 dal
1374 2451 1498 2527 Cach0‚
1523 2458 1564 2514 est

354 2567 526 2652 quoddam
551 2566 728 2649 seralium;
754 2578 790 2633 et
812 2569 907 2652 quod
929 2568 1129 2653 praesbiteri
1156 2569 1200 2635 de
1224 2566 1398 2636 Societate
1416 2569 1495 2655 Jesu
1514 2566 1564 2628 ha-

353 2683 458 2751 beant
476 2681 712 2767 vnusquisque
727 2683 813 2748 duas
829 2685 886 2750 uel
903 2693 971 2750 tres
987 2704 1029 2750 ex
1046 2683 1112 2750 illis
1127 2682 1328 2752 mulieribus
1344 2704 1405 2769 pro
1422 2677 1565 2747 concubi·

338 2778 421 2880 nis,
439 2809 474 2867 et
489 2799 532 2866 ad
549 2797 684 2866 libitum
701 2819 822 2868 eorum
839 2799 1084 2886 ingrediuntur
1100 2811 1134 2866 et
1151 2798 1379 2886 egrediuntur
1394 2818 1494 2864 causa
1504 2793 1567 2860 libi-

355 2915 455 2982 dinis.
480 2916 524 2982 Et
544 2938 589 2982 an
610 2915 732 2983 dixerit
756 2915 890 3001 aliquos
910 2936 953 2982 ex
974 2915 1076 2982 dictis
1101 2915 1300 3002 presbiteris
1322 2913 1495 2999 aufugisse
1514 2913 1567 2976 Pa·

356 3031 446 3097 risiis
466 3046 607 3119 propter
627 3032 757 3100 crimen
778 3031 924 3100 heresis,
947 3033 990 3097 Et
1011 3055 1055 3098 an
1071 3031 1194 3100 dixerit
1215 3041 1229 3071 ⁰
1249 3031 1351 3099 etiarn
1373 3029 1465 3116 quod
1485 3039 1541 3094 stat
1558 3023 1569 3062 l
1688 3061 1689 3066 κ

358 3167 541 3232 processus
561 3158 682 3214 contra
702 3145 850 3232 aliquem
871 3169 915 3212 ex
937 3147 1019 3233 ipsis
1040 3169 1154 3214 coram
1177 3149 1276 3214 Rmo.
1300 3147 1440 3212 domino
1460 3145 1570 3231 guber·

358 3273 479 3330 natore
491 3263 526 3329 in
539 3262 624 3329 actis
637 3261 728 3328 illius
737 3263 859 3330 notarii
871 3265 916 3329 de
929 3263 1114 3350 turpissino
1126 3262 1280 3330 crimine:
1292 3263 1389 3330 saluo
1397 3263 1474 3347 jure
1483 3261 1571 3324 inter-

360 3377 505 3464 rogandi
526 3400 628 3465 super
645 3378 723 3460 illis,
740 3400 830 3463 quae
850 3391 862 3419 ⁸
882 3379 918 3444 in
935 3378 1174 3446 informatione.
1186 3379 1369 3446 debentur.
1386 3376 1468 3443 Etsi
1487 3393 1573 3459 super
1687 3387 1688 3402 ¹

360 3493 427 3558 illis
443 3495 650 3580 respondeat
665 3517 703 3563 se
718 3516 759 3560 ea
779 3494 907 3563 dixisse
929 3495 984 3564 uel
1005 3505 1136 3582 partem
1158 3517 1290 3576 eorum,
1308 3503 1486 3560 moneatur
1503 3509 1574 3576 qua·

362 3624 464 3677 tenus
479 3613 545 3676 sub
561 3610 690 3678 eisdem
707 3611 827 3697 poenis
838 3611 927 3678 infra
941 3631 960 3696 3
977 3611 1051 3680 dies
1063 3613 1186 3680 debeat
1202 3610 1400 3680 uerificasse
1415 3633 1473 3696 per
1488 3609 1573 3673 eum¹
1686 3653 1687 3658 η

362 3726 466 3807 dicta3
490 3736 526 3792 et
546 3726 576 3792 si
604 3725 689 3792 nihil
710 3726 938 3813 responderit,
962 3728 1130 3796 habeatur
1151 3749 1214 3814 pro
1235 3727 1465 3813 respondente
1482 3723 1515 3789 in
1532 3717 1575 3788 sui

363 3843 528 3908 damnum
545 3854 612 3910 etc.
631 3843 712 3909 Ideo
728 3853 763 3909 et
780 3854 846 3910 etc.

416 4065 430 4090 a
467 4049 504 4102 In
523 4048 630 4104 «alter.
655 4049 760 4104 Rom.»
776 4049 839 4104 loco
853 4049 1062 4120 praecedentis
1077 4048 1199 4121 periodi
1212 4051 1284 4106 haec
1301 4052 1420 4102 tantum
1436 4047 1577 4102 habentur:

365 4137 423 4192 Die
451 4149 484 4206 14
504 4137 577 4207 Julii
602 4137 680 4206 1546.
718 4139 772 4180 -b
792 4137 1077 4194 excumunicationis
1099 4155 1168 4205 ms,
1190 4137 1296 4193 Mechl.
1335 4151 1385 4181 -0
1404 4145 1434 4192 et
1451 4129 1578 4191 audiuerit

365 4227 472 4283 Mechl.
510 4229 561 4270 -d
580 4226 659 4299 quod
670 4233 753 4298 optat
766 4227 856 4284 alter.
875 4228 963 4282 Rom.
1003 4227 1100 4284 —ein
1116 4225 1339 4284 confirmatione
1354 4226 1508 4296 <leheman
1521 4219 1578 4278 etsi

366 4334 456 4389 super
467 4316 536 4390 illis,
552 4333 629 4390 quae
641 4317 730 4372 addit
747 4317 890 4372 «Mechlm
928 4319 975 4360 -s
990 4317 1160 4373 uerilicasse
1169 4335 1198 4390 p.
1212 4332 1283 4373 cura
1295 4315 1402 4373 Mechl.

420 4500 429 4531 ¹
468 4498 512 4552 Ex
525 4499 695 4570 apographo
716 4497 746 4552 in
771 4496 844 4552 Cod.
864 4497 951 4552 Rom.
972 4497 1014 4562 II,
1037 4515 1068 4553 n.
1083 4497 1196 4552 XXXll
1215 4498 1268 4567 (4.ο
1285 4497 1373 4564 loco).
1393 4493 1482 4551 Aliud
1499 4499 1580 4548 exstat

367 4588 568 4660 apographum
581 4587 612 4642 in
625 4585 729 4642 eodem
742 4585 855 4655 codice,
869 4605 899 4642 n.
919 4587 1013 4658 XXV,
1027 4585 1137 4660 duplici
1155 4585 1225 4643 folio
1241 4594 1394 4658 constans,
1409 4586 1499 4641 altero
1511 4593 1579 4656 putot

258 4707 262 4712 ·
368 4687 400 4732 et
412 4676 492 4734 aliud
505 4677 536 4732 in
550 4675 622 4738 Cod.
638 4675 778 4732 Mechlin.
791 4676 817 4746 1,
831 4695 860 4732 n.
875 4690 911 4746 24
921 4677 974 4747 (4.ο
986 4678 1073 4747 loco).
