3500 5367
427 528 609 584 Saureurm
628 538 746 583 vrcnnn
765 542 858 585 unsis
877 541 940 585 rao
960 529 1095 584 Ionnrm
1286 526 1341 595 627

208 682 240 745 A
257 685 366 767 terga,
383 700 491 745 manu
506 679 542 744 5.
563 680 708 766 Ignatii.
729 658 837 765 Copia
850 662 894 749 de
909 681 943 746 la
958 660 1135 748 sentencia
1145 681 1190 746 de
1207 662 1372 783 Venecia.

207 796 251 861 ln
268 796 376 861 allero
391 795 592 883 apographo
607 796 723 861 eadem
740 797 881 883 scripsit
894 796 998 862 verba
1013 796 1050 862 S.
1070 796 1246 883 Ignalius.

207 912 291 977 Alia
306 933 428 980 manu.
447 910 625 979 Sententia
642 910 796 979 Venetiis
813 913 894 979 data
909 934 971 999 pro
988 914 1025 981 S.
1045 910 1193 998 Ignatio.

738 1085 777 1163 41
1023 1127 1029 1135 ·

275 1216 541 1284 SENTENTIA
567 1216 741 1283 VICARll
763 1216 900 1284 URBlS
922 1216 1016 1283 PRO
1038 1216 1237 1283 lGNATlO

590 1350 753 1413 EJusoua
777 1333 923 1398 socus¹

210 1494 253 1561 B.
271 1491 518 1570 Conuersinus,
537 1490 666 1559 electus
687 1490 958 1573 britonoriensis,
981 1488 1264 1559 vicecamerarius
1287 1490 1376 1559 alme

144 1606 262 1685 Urbis,
280 1606 423 1692 eiusque
439 1605 614 1672 districtus
631 1606 802 1693 generalis
818 1608 1041 1692 gubernator.

209 1721 390 1790 Vniuersis
409 1730 443 1789 et
460 1720 618 1807 singulis,
643 1724 687 1787 ad
708 1743 795 1808 quos
817 1734 1015 1807 praesentes
1034 1732 1150 1787 nostre
1166 1720 1280 1788 littere
1296 1744 1377 1807 per-

142 1838 315 1916 uenerint,
331 1838 475 1905 salutem
493 1837 527 1902 in
544 1836 704 1904 Domino,

208 1954 298 2019 Cum
315 1952 501 2037 reipublice
518 1952 652 2038 xpiane.
677 1954 820 2019 multum
850 1951 983 2019 intersit
1005 1964 1043 2018 vt
1070 1974 1142 2036 eos,
1160 1952 1271 2037 quiin
1289 1973 1376 2038 agro

140 2067 315 2135 dominico
332 2067 402 2135 uite
417 2068 574 2154 exemplo
589 2080 623 2135 et
639 2068 795 2134 doctrina
816 2068 980 2154 plurimos
992 2068 1154 2137 edificant
1166 2068 1202 2135 in
1214 2068 1373 2146 salutem;

140 2194 177 2251 et
193 2181 277 2249 item
295 2182 382 2263 illos
400 2182 460 2269 qui
477 2206 496 2251 e
516 2204 684 2251 conuerso
704 2182 818 2269 potius
838 2184 1112 2269 superseminare
1133 2193 1304 2253 conantur
1326 2184 1376 2249 zi-

140 2298 276 2367 zaniam
290 2311 316 2380 ¹,
335 2297 471 2385 publice
486 2310 587 2366 notos
602 2320 690 2380 esse;
710 2310 744 2364 et
760 2298 893 2365 nonulli
910 2308 1063 2366 rumores
1083 2299 1191 2385 sparsi
1208 2310 1325 2366 essent
1341 2311 1377 2367 et

141 2413 333 2483 delationes
348 2414 392 2480 ad
407 2436 470 2480 nos
487 2407 576 2482 sa'cte
591 2414 635 2481 de
650 2414 881 2501 dogmatibus,
899 2424 935 2482 et
956 2414 1217 2483 conuersatione
1238 2414 1322 2495 uite,
1339 2427 1376 2483 et

141 2528 379 2616 spiritualibus
395 2529 578 2611 exercitiis,
608 2550 676 2614 que
702 2528 775 2595 aliis
792 2529 987 2610 conferunt,
1017 2528 1264 2597 venerabilium
1282 2530 1375 2596 uiro-

141 2666 233 2724 rum,
253 2645 468 2712 dominorum
485 2643 607 2730 Ignatii
624 2645 667 2711 de
684 2645 812 2729 Loyola
828 2654 862 2711 et
878 2644 1061 2726 sociorum,
1083 2644 1256 2714 videlicet:
1282 2645 1374 2712 Petri

141 2759 259 2839 Fabri,
277 2761 401 2827 Claudi
416 2758 520 2840 Giaii,
540 2761 716 2828 Paschasii
733 2764 848 2840 Broet,
862 2760 985 2828 Didaci
1001 2760 1015 2801 b
1031 2764 1180 2847 Laynez,
1199 2763 1227 2828 F
1229 2760 1374 2828 rancisci

142 2876 289 2957 Xauier,
307 2876 479 2963 Alphonsi
499 2877 719 2957 Salmeronis,
742 2856 893 2946 Simonis
920 2878 1090 2957 Roderici,
1115 2876 1288 2966 Johannis
1303 2878 1374 2943 Co-

136 2991 221 3059 duri
233 3002 269 3061 et
281 2991 412 3059 Nicolai
424 2994 468 3060 de
481 2992 669 3074 Bobadilla‚
684 2993 926 3079 magistrorum
938 2977 1190 3080 parisiensium,
1205 2990 1374 3079 presbite-

140 3128 261 3175 rorum
281 3108 487 3175 secularium
509 3108 757 3193 pampilonem,
780 3110 966 3195 gehenon,
996 3107 1186 3194 seguntin,
1217 3109 1372 3186 toletan,

139 3223 262 3291 uiseen
274 3234 310 3303 ⁰.,
325 3224 537 3291 ebredunen.
553 3233 588 3292 et
600 3222 764 3308 palentin.
780 3223 972 3309 respectiue
984 3223 1142 3303 diocesis3
1157 3244 1225 3309 que
1236 3222 1373 3308 quidem

138 3360 262 3407 eorum
279 3340 442 3425 dogmata
457 3348 493 3404 et
519 3338 680 3406 exercitia
708 3361 728 3404 a
755 3338 960 3423 quibusdam
987 3338 1189 3407 dicebantur
1216 3360 1372 3418 erronea,

139 3453 378 3541 superstitiosa
395 3465 430 3522 et
450 3477 469 3522 a
490 3452 675 3520 christiana
702 3454 859 3520 doctrina
878 3454 1009 3520 nonihil
1030 3454 1260 3521 abhorrentia.
1287 3456 1372 3533 Nos,

138 3590 205 3655 pro
221 3569 322 3636 officii
339 3569 447 3636 nostri
462 3568 591 3647 debit0,
609 3590 649 3636 ac
665 3568 804 3655 speciali
821 3570 922 3637 etiam
944 3570 1106 3636 mandato
1130 3556 1215 3639 Smiss
1245 3569 1375 3636 domini

195 3782 209 3810 ²
228 3766 463 3840 superseminare
474 3766 611 3822 videntur
623 3767 736 3823 zizania
749 3766 895 3831 Orland„
910 3768 1019 3823 Ribad.
1058 3770 1108 3812 -b
1121 3766 1222 3824 iacobi
1239 3768 1373 3827 Orioni.

138 3870 190 3899 ..c
212 3855 313 3912 viscen
333 3874 402 3931 ms,;
414 3856 567 3911 Viscensis
580 3856 703 3923 Ribad.,·
716 3855 860 3911 viscensis
875 3855 1006 3915 errand.

196 4020 204 4051 ¹
245 4018 288 4073 Ex
302 4019 475 4089 archetypo,
493 4016 523 4071 in
544 4014 647 4071 codice
668 4016 739 4071 Ver.
754 4016 885 4081 Histoe,
900 4017 927 4084 Ι,
948 4016 1058 4089 duplici
1072 4017 1154 4089 folio,
1175 4020 1269 4074 altero
1282 4036 1313 4074 n.
1328 4030 1373 4086 50,

136 4112 239 4166 altero
248 4123 307 4161 non
319 4106 447 4176 signato.
462 4106 546 4160 Hanc
556 4106 733 4160 sententiam
748 4121 850 4160 omnes
863 4104 926 4160 fere
939 4107 1098 4179 scriptores
1107 4124 1206 4163 rerum
1217 4108 1376 4163 Societatis

139 4201 188 4256 vel
205 4199 235 4254 in
248 4195 388 4251 Historiis
401 4194 516 4267 proprie
529 4194 628 4264 dictis,
644 4196 691 4248 vel
706 4194 736 4249 in
750 4193 827 4249 Vitis
845 4194 876 4253 S.
892 4195 998 4266 Ignatii
1016 4195 1046 4251 in
1064 4198 1161 4251 lucem
1178 4198 1375 4269 protulerunt.

138 4288 199 4345 Hic
214 4295 328 4344 tantum
338 4284 442 4340 damus
453 4283 549 4339 varias
559 4283 715 4353 lectiones,
725 4300 798 4356 quas
809 4282 977 4339 invenimus
990 4284 1020 4339 in
1033 4283 1375 4352 Onunumuoflistor„

137 4378 193 4437 lib.
210 4377 250 4448 11,
262 4394 292 4431 n.
307 4387 353 4444 52,
366 4381 397 4429 et
411 4374 441 4428 in
453 4372 689 4443 Rtsnneumnn,
707 4373 776 4428 Vita
795 4372 903 4443 Ignatii
921 4373 1053 4442 Loiolae,
1072 4374 1124 4429 lib.
1142 4374 1182 4442 11,
1196 4392 1262 4447 cap.
1283 4374 1378 4443 Xllll,

64 4454 66 4505 l
137 4467 258 4523 «Huius
275 4464 443 4521 sententiae
461 4464 598 4535 exempla
619 4464 769 4535 complura
787 4471 897 4518 testato
919 4462 1068 4535 descripta
1086 4463 1124 4520 ad
1136 4462 1292 4520 delendam
1306 4462 1379 4519 infa-

141 4558 221 4613 miae
242 4564 353 4622 notam,
372 4569 550 4625 omnemque
573 4551 771 4624 suspicionem
793 4569 831 4607 ex
850 4551 988 4607 humenis
1009 4554 1181 4624 pectoribus
1203 4552 1380 4623 extinguen-

66 4680 67 4699 .
136 4646 220 4715 dam,
235 4644 266 4700 in
279 4642 376 4699 varias
390 4641 557 4714 prouincias
571 4640 650 4697 mitti
666 4639 806 4713 placuit.»
820 4638 1042 4721 ORLnnmuus,
1056 4643 1112 4703 loc.
1131 4644 1196 4713 cit,
1215 4644 1272 4697 sub
1288 4640 1378 4696 finem

66 4716 69 4791 '-
141 4754 172 4795 η,
189 4748 236 4804 52.
