3500 5367
412 480 465 552 536
786 483 994 538 llosuirsurr
1015 484 1195 539 Iounrrmm

374 636 433 721 qui
449 648 639 705 remanent.
658 638 701 703 Et
716 636 818 717 scias,
837 636 919 717 filia,
938 634 1100 720 quamdiu
1116 636 1255 703 durabit
1275 637 1433 715 mundus,
1455 635 1523 702 uolo
1540 646 1568 698 ut

376 762 518 819 uocetur
535 772 609 818 mea
625 751 780 820 Societas
796 754 882 819 baec
899 752 1161 820 Societaszuolo
1173 762 1362 838 praeterea,
1379 764 1414 819 ut
1426 752 1569 820 imitentur

375 889 451 934 mea
467 866 627 953 uestigia.
646 870 770 935 Postea
786 866 870 933 dixit
887 866 935 932 illi
950 868 1132 950 Dominus,
1150 890 1235 949 rem,
1253 889 1356 952 quam
1370 868 1505 936 maxime
1514 868 1569 931 uel·

374 984 422 1048 let
438 981 558 1070 uigere
575 982 608 1048 in
626 982 811 1065 Societate,
829 1004 906 1049 esse
921 982 1153 1054 obedientiam
1164 1004 1315 1050 caecam.
1335 983 1464 1051 Deinde
1478 981 1570 1050 Domi·

374 1120 452 1179 nuS,
479 1114 668 1166 conuersus
688 1099 732 1165 ad
753 1121 850 1165 suam
873 1099 1088 1170 benedictam
1111 1110 1266 1180 matrem,
1288 1102 1437 1167 donabat
1455 1100 1495 1178 ei,
1513 1111 1570 1163 tan-

374 1236 475 1299 quam
494 1212 568 1282 eius
584 1213 683 1295 filios,
702 1236 820 1281 omnes
836 1214 914 1281 illos
929 1216 972 1282 de
985 1214 1170 1295 Societate‚
1187 1225 1353 1283 uteorum
1366 1214 1569 1302 particularem

374 1352 491 1396 curam
509 1329 651 1398 haberet
667 1328 715 1395 k.»

443 1446 540 1512 Haec
556 1445 669 1513 omnia
685 1459 719 1513 et
735 1444 885 1531 singula,
904 1466 947 1511 ex
963 1444 1047 1512 meis
1064 1445 1213 1530 antiquis
1229 1448 1446 1515 collectaneis
1458 1444 1570 1512 fideliter

374 1560 522 1647 scriptis,
542 1563 599 1629 hic
615 1584 635 1628 a
651 1584 705 1628 me
720 1562 861 1646 dictata,
884 1574 920 1629 et
941 1575 1060 1650 postea
1080 1584 1101 1627 a
1121 1585 1175 1629 me
1195 1561 1380 1649 diligenter
1401 1564 1522 1641 relecta,
1538 1561 1570 1625 ob

374 1676 536 1745 maiorem
565 1678 629 1745 Dei
657 1677 815 1764 gloriam,
838 1678 1057 1745 iureiurando
1076 1678 1255 1757 confirm0,
1278 1690 1313 1746 et
1334 1699 1430 1746 meae
1449 1674 1570 1764 propriae

374 1815 496 1859 manus
512 1794 776 1880 subscriptione,
795 1816 835 1860 ac
855 1792 969 1881 sigillo
984 1792 1087 1860 officii
1102 1792 1169 1861 mei
1190 1793 1321 1875 munio,
1343 1794 1387 1859 ad
1407 1806 1570 1879 perpetuam

376 1908 424 1976 rei
442 1910 653 1977 memoriam.

441 2024 580 2092 Plociae
598 2028 617 2091 8
635 2025 810 2106 Octobris,
829 2028 874 2093 A.
894 2029 938 2092 D.
962 2027 1058 2111 1634.

697 2143 885 2211 Nrconnus
910 2144 1123 2221 Lincrcros,
1149 2163 1251 2207 manu
1276 2141 1424 2228 propria.

441 2256 516 2341 Ego
532 2258 559 2323 F
561 2256 703 2323 abritius
719 2259 872 2337 Bamqu,
892 2257 1047 2325 visitator
1062 2256 1244 2325 Societatis
1255 2261 1340 2345 Jesu
1358 2257 1394 2323 in
1411 2278 1507 2344 regno
1520 2258 1571 2321 Po·

375 2370 498 2451 loniae,
526 2382 630 2439 testor
655 2372 851 2441 relationem
876 2374 966 2440 hanc
988 2396 1065 2441 esse
1086 2375 1128 2441 R.
1153 2374 1194 2439 P.
1218 2376 1262 2439 N.
1286 2373 1419 2441 Nicolai
1443 2368 1568 2443 Lancitii,

374 2486 526 2554 eiusdem
552 2488 836 2564 Societatisolim
858 2488 1077 2575 prouincialis
1097 2488 1132 2554 iri
1153 2488 1329 2575 provincia
1357 2486 1539 2556 Lithuaniae
1554 2484 1568 2563 ¹,

373 2614 409 2669 et
436 2601 543 2689 ipsius
570 2626 674 2671 manu
699 2606 788 2673 bene
816 2604 899 2670 mihi
920 2617 1004 2671 nota
1023 2605 1264 2692 subscriptam,
1287 2605 1525 2687 conuenireque
1539 2601 1570 2665 de

374 2720 480 2787 verbo
501 2720 709 2788 adverbum
731 2742 810 2786 curn
831 2719 897 2787 alia
913 2712 1102 2800 relatione,
1131 2742 1221 2805 quae
1249 2731 1364 2789 manet
1390 2720 1424 2786 in
1451 2715 1570 2784 archivio

372 2834 526 2904 eiusdem
542 2834 749 2921 provinciae.
769 2838 806 2903 Iu
823 2836 923 2902 euius
945 2836 993 2902 rei
1014 2832 1116 2903 iidem
1139 2838 1227 2902 lianc
1244 2836 1498 2911 attestationem,
1515 2852 1570 2896 mea

373 2972 476 3016 manu
492 2948 734 3037 subscriptam,
753 2964 787 3018 et
803 2952 917 3038 sigillo
933 2952 1000 3021 mei
1016 2950 1120 3018 officii
1136 2951 1315 3031 munitam,
1334 2951 1425 3020 dedi.

440 3066 626 3135 Varsauiae
644 3086 662 3133 2
681 3068 888 3135 Nouembris
909 3070 1004 3150 1641.

991 3186 1194 3253 Fremitus
1219 3188 1367 3255 Bararus
1392 3196 1424 3251 Ν.

982 3384 1004 3461 ΙΙ

452 3522 514 3587 DE
538 3522 788 3587 AZPElTIAE
811 3524 1145 3591 INDIGENTIBUS
1168 3520 1509 3591 SUBLEVANDIS¹

870 3732 974 3816 Jest'rs
986 3670 1103 3793 itane

440 3881 490 3946 Lo
506 3880 679 3968 siguiente
694 3905 732 3951 es
754 3884 902 3949 traslado
926 3880 1052 3948 sacado
1068 3881 1112 3947 de
1134 3902 1180 3945 vn
1201 3878 1289 3946 libro
1309 3878 1422 3959 viexo,
1438 3872 1533 3942 donde
1547 3867 1571 3934 el

372 3994 573 4063 reximiento
589 3999 632 4065 de
644 4010 718 4065 esta
735 3998 814 4064 villa
829 3999 873 4065 de
890 3995 1060 4082 Aizpeitia
1077 3997 1123 4062 ha
1140 3995 1255 4064 tenido
1271 3995 1303 4061 la
1319 4004 1443 4080 qtienta
1456 4012 1477 4075 y
1490 3988 1569 4053 razbfl

369 4111 414 4176 de
429 4111 463 4176 la
477 4110 702 4181 distribucion
718 4115 762 4182 de
777 4114 810 4180 la
826 4112 971 4179 limosna
991 4113 1034 4180 de
1050 4112 1101 4178 los
1121 4112 1246 4196 pobres
1267 4116 1514 4197 vergonzantes,
1528 4120 1570 4167 se-

370 4232 444 4311 gbn
461 4249 528 4312 que
544 4239 620 4297 otro
637 4240 732 4297 tanto
748 4236 821 4298 esta
837 4230 893 4297 alli
914 4228 1060 4316 signado
1079 4229 1123 4297 de
1134 4230 1225 4317 Juan
1240 4228 1284 4295 de
1301 4218 1512 4311 Aquemendi,
1528 4236 1570 4281 es-

376 4336 585 4351 ——n—A--n—

426 4390 439 4429 k
477 4386 562 4455 Quae
579 4395 750 4459 sequuntur
772 4407 864 4460 usqua
888 4390 929 4443 ad
949 4388 1198 4459 subscriptionem
1219 4386 1377 4450 inclusive,
1400 4400 1452 4439 non
1471 4372 1572 4447 &0⁶92ss

371 4476 470 4531 verbis
496 4495 609 4533 unranu
629 4480 790 4551 proprian,
814 4480 1010 4552 autographa
1031 4482 1103 4532 cunt
1125 4477 1163 4531 P.
1191 4476 1338 4531 Lancicii.
1378 4475 1418 4515 -1
1436 4467 1510 4525 lit-¹e
1528 4477 1570 4516 Μ’·

372 4580 430 4609 ...m
455 4566 631 4638 Sequuntur
643 4568 704 4622 duo
717 4566 835 4641 sigilla.

373 4662 584 4675 -ι--ισι-ι-ιι

427 4709 434 4741 ¹
474 4688 516 4763 Er
530 4709 651 4782 antiquo
664 4709 837 4781 exemplari,
849 4710 878 4765 in
891 4710 964 4767 Cod.
980 4710 1106 4781 Loyolae
1120 4708 1139 4763 I
1144 4708 1176 4774 V,
1190 4726 1222 4763 n.
1243 4704 1287 4762 13.
