3500 5367
406 480 588 537 Drcrsunm
608 482 640 539 S.
661 482 786 539 lounru
802 494 823 537 Λ
842 482 875 537 Ρ.
898 482 1055 541 Lnucrcro
1073 496 1242 541 coenacrn
1350 486 1405 559 485

195 632 254 701 eis
273 632 465 721 adiungere
483 635 660 717 sacerdos,
674 636 736 703 sed
757 657 826 703 non
846 635 1036 705 coadiutor.
1055 636 1094 706 Si
1112 636 1266 723 aliquem
1284 642 1441 709 saecula-

199 768 274 815 rem
291 748 327 814 in
343 749 458 834 aliquo
473 751 596 817 domus
609 761 747 819 nostrae
762 751 838 818 loeo
851 752 971 821 sedere
986 748 1216 839 contingeret,
1230 776 1302 820 non
1313 754 1440 825 licebat

196 863 260 930 vlli
277 876 395 933 nostro
410 866 532 936 sedere
547 866 582 933 in
598 866 665 934 alio
680 868 756 933 loco
771 866 804 933 ei
819 866 992 954 opposito.

269 981 414 1063 Omnes,
432 980 491 1068 qui
507 999 576 1051 non
592 992 689 1049 erant
705 980 859 1070 legitime
874 982 1041 1069 impediti,
1055 985 1261 1053 tenebantur
1276 990 1437 1056 comede-

199 1118 239 1165 re
254 1098 298 1163 ad
313 1096 456 1183 primam
473 1120 638 1179 marisam,
656 1098 700 1165 ad
716 1120 819 1183 quam
837 1108 906 1165 tres
921 1098 999 1165 libri
1014 1100 1232 1187 legebantur:
1245 1100 1357 1188 primo
1373 1104 1438 1171 ali-

196 1211 283 1299 quid
306 1236 350 1281 ex
373 1212 563 1300 Scriptura,
586 1214 739 1281 secundo
761 1213 833 1281 uita
856 1205 1144 1297 alicuius'sancti,
1157 1216 1264 1311 tertio
1283 1219 1371 1287 liber
1393 1221 1437 1286 de

192 1338 399 1416 contemptu
424 1328 554 1396 mundi.
575 1327 715 1397 Licebat
735 1338 850 1397 autem
871 1329 1004 1414 lectori,
1021 1329 1050 1398 si
1072 1332 1224 1415 uolebat,
1241 1331 1357 1402 dicere
1372 1332 1435 1400 ali-

192 1442 284 1531 quid
304 1465 365 1531 per
388 1446 526 1512 modum
548 1444 594 1530 pii
617 1443 794 1512 discursus
820 1445 863 1511 de
887 1445 1031 1532 pulchro
1053 1446 1168 1533 aliquo
1189 1460 1320 1534 puncto
1340 1448 1431 1530 libri,

192 1580 302 1645 quem
322 1560 473 1647 legebat.
501 1560 679 1646 Scriptura
699 1560 881 1647 legebatur
900 1572 1019 1647 aperto
1038 1561 1151 1648 capite
1166 1573 1203 1628 et
1222 1565 1358 1647 stando;
1377 1565 1433 1633 alii

194 1676 275 1743 libri
296 1677 448 1746 sedendo
469 1687 504 1745 et
524 1676 638 1762 capite
660 1688 750 1744 tecto
771 1678 989 1763 legebantur.
1011 1675 1123 1745 Etiam
1137 1678 1222 1746 dum
1238 1680 1360 1747 titulus
1376 1660 1453 1749 uel

190 1792 310 1879 capita
329 1792 407 1858 libri
428 1792 631 1880 legebantur
647 1814 717 1860 non
737 1791 861 1859 licebat
882 1814 1078 1881 assurgere,
1100 1804 1299 1881 aut-aperto
1318 1797 1432 1884 capite

186 1931 236 1979 ea
250 1910 380 1996 legere,
398 1909 461 1977 sed
476 1919 578 1990 tecto;
597 1908 657 1994 qui
672 1930 746 1975 mos
761 1909 805 1975 ad
821 1910 915 1975 hunc
929 1908 1020 1976 diem
1036 1911 1166 1977 Romae
1181 1912 1294 1979 durat.

262 2024 452 2093 Licentiam
474 2023 674 2092 comedendi
695 2024 787 2110 apud
807 2017 1013 2107 saeculares,
1031 2034 1066 2093 et
1086 2026 1281 2110 alloquendi
1302 2028 1432 2096 monia·

190 2142 257 2219 les,
276 2150 310 2207 et
326 2140 428 2207 domo
444 2138 592 2207 exeundi
610 2150 763 2225 tempore
778 2139 1069 2222 bachanaliorum,
1088 2152 1123 2207 et
1140 2140 1301 2210 uisitandi
1317 2145 1431 2211 eccle·

187 2257 264 2324 sias
287 2256 344 2325 uel
366 2254 545 2338 stationes,
564 2264 598 2322 et
619 2252 754 2323 dicendi
775 2254 914 2323 missam
933 2255 1012 2323 alibi
1034 2278 1137 2343 quam
1158 2256 1194 2323 in
1218 2258 1345 2346 templo
1365 2282 1430 2328 no-

187 2384 278 2452 stro,
297 2382 332 2441 et
349 2372 515 2441 foeminas
531 2370 705 2451 uisitandi,
719 2381 755 2438 et
770 2371 974 2457 disponendi
988 2372 1032 2439 de
1044 2372 1165 2458 quavis
1180 2396 1230 2454 re,
1243 2375 1349 2465 etiam
1364 2376 1429 2441 mi-

129 2554 136 2563 ,
189 2488 299 2569 nima,
318 2487 418 2555 titulo
439 2486 667 2563 eleemosinae
687 2488 826 2553 domum
848 2486 954 2569 illata,
972 2489 1068 2555 solus
1087 2500 1230 2557 sanctus
1247 2493 1350 2558 Pater
1365 2493 1428 2559 da·

190 2606 264 2684 bat,
284 2603 332 2670 vti
349 2613 385 2670 vt
405 2626 486 2671 cum
506 2602 639 2671 nouitio
654 2602 792 2691 posset¹
813 2602 961 2689 colloqui
982 2602 1106 2689 aliquis
1124 2604 1321 2673 saecularis:
1345 2607 1428 2674 alias

181 2720 347 2791 licentias
362 2730 496 2807 poterat
512 2719 702 2787 concedere
722 2718 891 2789 minister.
1080 2799 1082 2803 .

257 2835 328 2923 Qui
344 2836 419 2904 sine
439 2834 529 2903 iusta
553 2854 658 2903 causa
679 2834 954 2902 communionem
977 2833 1163 2918 omisisset,
1190 2835 1245 2903 die
1268 2838 1426 2922 sequenti

186 2954 384 3039 negabatur
399 2952 431 3020 ei
448 2928 602 3021 reiectio.

256 3070 334 3148 Die,
358 3076 427 3153 quo
454 3068 601 3135 debebat
623 3090 700 3136 esse
720 3067 756 3133 in
778 3069 905 3154 templo
929 3078 1048 3135 nostro
1067 3067 1202 3149 concio,
1219 3067 1360 3154 signum
1381 3068 1423 3134 ab

181 3185 327 3253 aedituo
343 3206 403 3271 pro
416 3183 581 3251 concione
596 3184 741 3251 dabatur
757 3205 818 3269 per
834 3185 964 3249 bonum
981 3185 1089 3252 horae
1100 3184 1338 3269 quadrantem,
1352 3205 1422 3251 non

181 3298 339 3382 breuius3
358 3309 393 3366 et
409 3296 522 3368 medio
538 3309 619 3366 ante
633 3298 768 3366 initium
785 3298 965 3367 concionis
980 3298 1141 3367 aedituus
1156 3300 1318 3367 monebat
1328 3299 1421 3386 jani-

179 3428 295 3483 torem
311 3428 347 3484 ut
359 3415 495 3503 signum
510 3416 605 3483 daret
618 3436 680 3502 pro
693 3414 818 3481 nostris
830 3414 992 3483 veniendi
1005 3415 1048 3481 ad
1057 3413 1271 3483 concionem:
1282 3414 1420 3502 signum

181 3544 304 3602 autem
320 3533 424 3598 dabat
434 3530 563 3617 janitor
579 3528 752 3599 communi
772 3531 977 3616 campanula
998 3530 1134 3610 domus,
1153 3552 1223 3597 non
1243 3532 1418 3606 eomodo,

180 3670 257 3735 quo
276 3650 379 3715 datur
405 3648 448 3714 ad
469 3646 658 3713 orationem
682 3647 738 3715 uel
754 3646 949 3733 prandium,
967 3646 1029 3713 sed
1049 3646 1222 3726 eomodo,
1241 3668 1311 3731 quo
1327 3667 1420 3712 nunc

178 3764 401 3852 significatur
421 3765 593 3831 aduentus
614 3761 750 3849 medici,
768 3784 829 3847 per
845 3762 938 3829 solos
956 3782 975 3847 3
992 3762 1082 3828 ictus
1098 3783 1293 3848 campanae.
1307 3764 1420 3848 ¹Porro

179 3902 308 3949 omnes
335 3900 488 3966 prorsuS,
506 3878 610 3945 etiam
631 3880 838 3959 sacerdotes
868 3878 964 3943 nullo
989 3887 1146 3965 excepto,
1166 3876 1351 3943 ueniebant
1377 3876 1420 3942 ad

178 3994 400 4077 concionem,
417 4016 520 4088 quam
537 3995 734 4061 sacerdotes
750 3993 936 4061 audiebant
950 3994 995 4060 ad
1006 3994 1114 4061 altare
1125 3992 1235 4059 maius
1251 3993 1294 4060 ad
1311 4013 1419 4059 cornu

178 4110 371 4198 euangelii,
389 4110 511 4195 reliqui
528 4132 645 4198 prope.

253 4226 370 4313 Nostri
400 4226 499 4293 initio
528 4224 770 4306 consessionis,
803 4248 846 4293 ex
877 4224 1087 4312 praescripto
1117 4223 1276 4311 regulae,
1309 4223 1419 4309 primo

180 4343 340 4417 omnium
359 4342 474 4410 dicere
496 4345 713 4424 tenebantur,
732 4365 776 4410 an
797 4341 925 4427 aliquid
946 4340 1160 4427 accepissent
1176 4339 1250 4407 sine
1266 4338 1416 4419 licentia;

181 4481 250 4527 nec
265 4460 533 4527 absoluebantur
549 4460 658 4526 donec
674 4468 852 4546 acceptum
873 4456 1104 4526 restituerent.
1144 4498 1147 4504 ·

252 4575 452 4643 Exhortatio
468 4574 620 4661 qualibet
636 4575 850 4642 hebdomada
862 4574 966 4641 fiebat
981 4573 1037 4639 die
1052 4570 1201 4657 veneris,
1215 4582 1250 4639 et
1265 4572 1370 4639 semel
1383 4570 1418 4636 in

238 4708 246 4751 ¹
283 4710 376 4781 possit
389 4726 444 4763 ms.
