3500 5367
422 446 475 515 338
802 448 1011 505 Mouuurnrr
1029 446 1210 507 Iouerum

455 618 487 667 2.
536 601 586 667 lta
602 620 640 667 se
656 597 764 668 fuisse
780 621 800 666 a
816 602 891 666 Deo
907 597 1118 693 illustratum
1131 598 1166 665 in
1177 597 1350 685 mysteriis
1360 598 1453 679 fidei,
1467 608 1506 664 ut
1515 601 1598 665 etiam

386 715 415 783 si
433 726 506 781 tota
521 714 691 801 scriptura
706 723 742 782 et
757 736 877 784 omnes
892 714 970 781 libri
986 713 1074 783 sacri
1090 712 1347 797 interciderent,
1365 724 1479 782 tamen
1498 734 1538 779 ex
1554 711 1600 777 illo

386 830 516 898 lumine
532 854 570 899 se
586 852 688 917 posse
704 840 739 897 et
755 830 918 917 mysteria
933 830 1014 897 fidei
1029 850 1221 917 agnoscere
1240 839 1276 897 et
1298 828 1374 897 aliis
1397 829 1539 897 tradere.
1560 828 1600 893 Ει

388 951 428 1014 Ρ.
448 950 586 1034 Laynez
605 963 659 1030 54,
683 965 721 1031 13
739 945 895 1030 7.¹’¹¹³—L
910 944 936 1012 b.

456 1083 487 1147 3.
537 1064 625 1130 Cum
654 1074 789 1150 pararet
816 1061 1063 1150 profectionem
1091 1060 1127 1128 in
1154 1060 1299 1144 ltaliam,
1323 1071 1358 1129 et
1382 1060 1601 1128 Barchinonae

388 1200 634 1265 myoparonem
654 1180 711 1247 uel
731 1178 977 1265 bergantinum
1000 1179 1105 1251 uellet
1134 1177 1369 1247 conscendere
1397 1176 1472 1245 sine
1497 1174 1603 1243 uiatico

388 1296 445 1363 uel
461 1304 659 1363 commeatu
676 1295 758 1377 ullo,
773 1294 817 1361 ab
829 1292 951 1361 amicis
962 1292 1147 1379 impeditus
1158 1302 1223 1375 est3
1238 1303 1358 1379 postea
1368 1292 1485 1359 nauim
1500 1310 1603 1359 ascen·

387 1412 489 1478 ditet
505 1432 670 1497 myoparo
686 1409 743 1477 ille
759 1409 941 1496 naufragio
957 1408 1070 1495 periit.
1089 1411 1165 1495 Ego
1181 1429 1224 1475 ex
1239 1407 1315 1495 ipso
1331 1420 1366 1476 et
1381 1408 1484 1475 etiarn
1496 1408 1600 1477 exlsa-

388 1526 477 1593 bella
494 1528 609 1605 Rosel,
629 1545 718 1610 quae
733 1524 846 1611 ipsum
862 1546 942 1591 curn
958 1524 1034 1591 aliis
1050 1523 1190 1592 retinuit
1205 1524 1321 1591 ⁰.-R.

455 1662 487 1725 4.
536 1643 590 1709 Ex
607 1637 857 1726 Hierosolymis
872 1660 952 1707 cum
968 1638 1094 1707 rediret
1109 1637 1171 1706 det
1184 1640 1396 1726 praefectum
1414 1637 1514 1707 nauis
1528 1637 1600 1705 acri·

389 1770 441 1825 ter
457 1757 650 1843 increparet
666 1766 805 1842 propter
821 1754 1010 1821 sodomiam
1026 1767 1051 1835 ⁶,
1061 1751 1160 1841 'quae
1174 1754 1210 1821 in
1226 1754 1307 1822 naui
1322 1756 1473 1823 nefande
1491 1754 1504 1795 f
1519 1774 1602 1821 exer»

389 1876 544 1953 cebatur,
567 1883 601 1938 et
623 1868 817 1938 admonitus
837 1872 881 1937 ab
903 1870 977 1937 aliis
997 1869 1273 1958 compellegrinis
1293 1882 1319 1950 ί,
1339 1869 1478 1957 aliquod
1493 1870 1523 1938 ei
1543 1868 1602 1936 exi·

390 1990 474 2054 tium
492 1986 704 2067 timentibus,
723 1998 762 2052 ut
779 1995 919 2066 taceret,
938 1986 1044 2053 libere
1060 1985 1281 2054 nihilominus
1296 1998 1417 2054 contra
1432 1986 1603 2073 impudicas

390 2115 424 2171 et
440 2104 587 2171 nefarias
603 2111 735 2169 mentes
752 2101 975 2170 inueheretur
991 2100 1018 2185 ¹¹,
1036 2101 1218 2169 consilium
1234 2088 1423 2188 coeperunt
1440 2115 1560 2169 nautae
1574 2110 1603 2165 ut

391 2219 485 2305 illum
502 2219 537 2331 ip
554 2219 665 2284 insula
681 2218 827 2305 quadarn
844 2218 980 2285 deserta
995 2228 1218 2304 exponerent,
1237 2228 1273 2285 et
1289 2216 1408 2285 bestiis
1423 2216 1602 2284 laniandum

445 2435 459 2477 b
498 2432 584 2500 Quae
593 2433 627 2487 in
637 2431 884 2504 praecedentibus
897 2433 1134 2505 aparagrapbis
1146 2434 1350 2496 continentur,
1361 2434 1529 2489 cancellata
1538 2436 1603 2487 sumt.

392 2550 404 2559 —
428 2535 439 2562 c
459 2520 542 2574 Haec
555 2520 667 2575 ultima
690 2519 790 2593 verba,
808 2519 846 2572 ab
859 2520 922 2585 Ego
935 2536 972 2573 ex
986 2520 1061 2590 ipso,
1074 2518 1242 2574 caracallam
1254 2524 1337 2585 surm
1348 2524 1377 2574 et
1389 2519 1484 2575 etiam
1498 2520 1531 2587 L,
1542 2535 1604 2589 quae

390 2611 504 2664 eratin
522 2609 674 2681 margine.
714 2610 763 2650 -d
782 2608 827 2661 Ex
845 2606 1052 2678 Hierosolyma
1068 2624 1135 2662 cum
1154 2608 1320 2677 nauigaret.
1344 2607 1452 2667 Natal.
1491 2623 1537 2650 -e
1553 2622 1604 2677 pro

391 2706 456 2769 pter
469 2696 581 2768 flagitia
598 2696 703 2751 Natnl.
742 2698 788 2738 -s
805 2694 1016 2752 Cancellatum
1029 2701 1072 2752 est
1084 2695 1137 2751 hoc
1150 2696 1283 2751 verbum.
1311 2712 1361 2751 —s
1378 2695 1604 2769 comperegrinis·

391 2790 417 2841 A
428 2786 536 2841 Natali
540 2786 627 2857 sorte
636 2786 844 2841 emendatum.
887 2787 936 2827 -h
957 2786 1014 2840 Sex
1027 2786 1139 2840 ultima
1151 2786 1244 2841 verba
1255 2786 1436 2842 cancellavit
1448 2785 1574 2849 Natalis,
1585 2788 1605 2837 et

390 2894 494 2931 eorum
510 2877 572 2931 loco
585 2875 718 2946 scripsit:
731 2883 845 2945 ageret.

392 3065 470 3136 lique
485 3080 577 3135 usque
591 3060 729 3116 adfinem
742 3062 894 3133 hispanico
907 3059 1017 3132 scripta
1029 3068 1108 3116 sunt.
1123 3062 1205 3115 Haec
1218 3070 1318 3117 autem
1336 3064 1485 3135 posterior
1497 3080 1559 3137 pars
1573 3060 1607 3116 di·

392 3170 480 3208 verso
493 3162 625 3223 tempore
639 3168 673 3205 ac
686 3150 774 3222 prior,
789 3159 818 3205 et
832 3148 950 3221 quidem
965 3149 1066 3220 majori
1079 3167 1147 3204 cum
1160 3148 1349 3206 festinatione
1359 3152 1470 3224 scripta
1480 3152 1567 3207 fuisse
1574 3150 1607 3203 si·

392 3240 488 3309 detur,
512 3240 590 3311 quod
614 3238 710 3293 minus
727 3246 863 3293 accurata
882 3238 1046 3293 litterarum
1063 3238 1184 3309 scriptio
1203 3238 1275 3294 satis
1294 3250 1396 3310 aperte
1415 3241 1555 3297 ostendit.
1571 3240 1607 3293 De

392 3338 537 3400 tempore,
551 3346 609 3401 quo
622 3329 694 3383 haec
708 3336 772 3382 acta
785 3326 895 3399 scripta
907 3326 1027 3381 fuerunt
1040 3344 1056 3379 a
1069 3326 1277 3398 Ribadeneira‚
1291 3329 1363 3383 nihil
1380 3340 1464 3385 certo
1481 3332 1607 3385 affirmare

393 3432 559 3488 possumus:
574 3415 777 3470 existimamus
791 3424 889 3469 tamen
902 3413 995 3469 fuisse
1008 3422 1165 3486 antequam
1178 3416 1299 3487 primam
1313 3416 1405 3471 vitam
1418 3418 1455 3472 P.
1474 3416 1608 3490 Ignatiiin

394 3507 489 3560 lucem
505 3504 615 3569 ederet,
631 3522 718 3576 quam
731 3502 849 3575 quidem
864 3520 941 3559 anno
956 3516 1025 3572 1572
1037 3503 1118 3574 typis
1131 3504 1291 3559 mandavit.

447 3596 480 3649 ln
494 3604 555 3648 toto
569 3594 624 3648 hoc
636 3595 788 3665 opusculo,
802 3592 975 3664 praesertim
987 3594 1017 3647 in
1031 3592 1177 3663 prioribus
1196 3593 1329 3664 ejusdem
1348 3594 1437 3665 foliis,
1455 3596 1609 3669 frequenter

393 3690 514 3755 apparet
527 3700 630 3737 manus
642 3683 674 3741 P.
686 3681 811 3751 Natalis,
823 3682 905 3752 plura
916 3680 1101 3736 emendantis
1111 3691 1142 3735 et
1152 3683 1355 3753 moechantis,
1366 3686 1539 3755 praesertim
1547 3687 1608 3750 loca.

393 3772 444 3828 ubi
458 3771 653 3827 Ribadeneira
666 3772 696 3826 in
714 3770 807 3843 prima
825 3788 949 3842 persona
967 3771 1104 3842 loquitur.
1125 3771 1211 3827 Unde
1234 3772 1376 3844 suspicari
1399 3775 1470 3831 licet
1489 3776 1559 3830 haec
1577 3773 1609 3825 ita

393 3861 475 3915 illum
489 3860 675 3929 emendasse,
690 3868 722 3914 ut
735 3857 841 3914 melius
855 3874 906 3931 pro
919 3860 979 3913 vita
993 3859 1025 3912 S.
1039 3859 1148 3928 Ignatii
1161 3859 1328 3915 adornanda
1340 3861 1475 3917 adhiberi
1492 3870 1609 3935 possent.

392 3950 575 4022 Opusculum
598 3950 750 4020 inexpleto
771 3965 861 4003 sensu
883 3948 1004 4003 desinit.
1024 3948 1121 4019 Hujus
1141 3951 1324 4006 monumenti
1343 3952 1471 4023 pretium
1490 3954 1538 4007 uel
1555 3948 1610 4005 inde

391 4039 541 4095 aestimari
557 4039 673 4110 poterit,
689 4038 767 4109 quod
781 4055 827 4108 ea,
841 4055 917 4109 quae
935 4046 1100 4107 narrantur,
1119 4036 1155 4093 ad
1174 4038 1284 4109 primos
1301 4039 1410 4111 fontes,
1428 4042 1509 4097 unde
1525 4055 1609 4114 prooe·

390 4128 475 4197 dunt,
490 4128 661 4201 frequenter
673 4126 863 4183 reducuntur.

445 4218 622 4288 Plerumque
637 4216 749 4271 Natalis
763 4214 799 4268 ad
817 4214 1015 4286 designandos
1032 4223 1179 4287 auctores,
1199 4234 1236 4272 ex
1255 4217 1363 4291 quibus
1381 4218 1459 4276 facta
1478 4229 1530 4275 aut
1546 4218 1611 4274 dica

395 4308 426 4361 P.
441 4308 478 4361 Ν.
493 4304 601 4375 Ignatii
615 4304 755 4376 cognovit
767 4304 830 4375 ipse
845 4306 892 4359 vel
906 4304 1114 4375 Ribadeneira‚
1128 4305 1221 4377 prima
1235 4306 1351 4362 illorum
1360 4310 1566 4380 cognominum
1574 4305 1611 4361 lit·

392 4406 465 4465 tora,
481 4397 509 4450 in
529 4395 660 4464 margine
679 4402 808 4463 exarata,
824 4394 925 4449 utitur.
939 4394 989 4448 Sic
1007 4394 1077 4448 aL.»
1091 4394 1238 4466 significat
1251 4396 1399 4468 Lainium,
1413 4398 1486 4455 uR.»
1501 4400 1547 4454 vel
1559 4414 1611 4450 rr.-

392 4482 628 4552 llibadeneiram
646 4484 687 4537 «R
701 4500 737 4537 ex
753 4482 827 4537 Ro.»
844 4482 1070 4537 Ribadeneiram
1084 4500 1122 4537 ex
1134 4484 1229 4539 Roser
1240 4486 1446 4553 (Elisabetha).
1461 4488 1525 4542 Has
1536 4500 1610 4541 anno

393 4574 530 4643 tationes,
542 4592 617 4647 qnae
627 4572 747 4645 quidem
760 4580 874 4625 tantum
889 4581 1067 4643 usurpantur
1079 4589 1146 4626 cum
1160 4568 1379 4630 latinus'sermo
1392 4576 1556 4659 adhilptur,
1567 4589 1610 4629 nos

394 4682 422 4718 ιιι
437 4664 494 4718 fine
507 4664 718 4734 cujuscumque
733 4660 906 4733 paragraphi
919 4661 1138 4716 collocavimus.
