3500 5367
378 408 432 479 488
759 408 968 466 Mortuum
986 406 1168 465 locamus

343 562 462 650 spites,
480 571 515 631 et
534 559 793 629 concionatores
807 561 849 628 iis
865 560 999 644 diebus,
1017 562 1144 647 quibus
1158 563 1279 631 saltem
1295 564 1354 630 uel
1368 560 1467 631 semel
1480 580 1553 627 con-

344 678 581 759 cionabantur;
600 687 635 744 et
651 699 711 764 per
728 678 748 743 8
766 678 821 746 uel
843 697 882 745 ιο
897 678 972 745 dies
992 678 1050 763 qui
1070 678 1235 747 exercitia
1249 678 1435 765 spiritualia
1448 676 1552 743 imme

297 807 303 819 ·
344 794 436 861 diate
452 794 686 873 absoluerant,
704 792 746 859 iis
761 792 828 859 cibi
845 794 962 880 plures
977 795 998 860 8
1014 794 1160 883 [diebus]
1176 796 1360 875 dabantur,
1378 792 1426 859 uti
1440 803 1473 859 et
1487 790 1552 863 illis.

344 909 404 995 qui
419 909 455 975 in
470 909 633 976 cubiculo
652 908 761 975 sancti
784 909 896 977 Patris
917 931 997 977 cum
1013 909 1072 977 illo
1091 911 1331 979 comedebant.
1352 911 1447 995 Quae
1460 904 1553 973 sancti

347 1024 459 1095 Patris
476 1046 594 1091 mensa
615 1023 735 1093 melior
755 1034 828 1091 erat
848 1046 951 1110 quam
968 1024 1140 1092 ordinaria
1156 1024 1340 1105 refectorii,
1362 1024 1396 1091 id
1415 1040 1555 1109 expresse

345 1142 420 1228 ipso
441 1152 565 1207 sancto
587 1128 692 1207 Patre
709 1140 901 1221 ordinante3
920 1141 979 1227 qui
1000 1154 1114 1209 tamen
1136 1140 1224 1207 nihil
1242 1140 1308 1207 sibi
1327 1138 1391 1207 soli
1405 1135 1556 1225 peculiare

345 1255 471 1343 apponi
492 1254 611 1335 voluit,
630 1257 722 1340 quod
743 1254 807 1321 sibi
827 1255 1057 1323 assidentibus
1077 1257 1196 1322 datum
1214 1278 1284 1323 non
1298 1265 1401 1336 esset,
1418 1264 1452 1322 et
1467 1250 1555 1320 semel

347 1370 539 1439 ministrum
556 1370 691 1457 puniuit
707 1373 800 1456 quod
815 1370 883 1437 sibi
897 1371 959 1438 soli
977 1372 1151 1439 botrulum
1167 1392 1257 1441 uuae
1274 1370 1436 1440 dedisset.

414 1486 526 1555 Aliter
541 1487 687 1555 dabatur
707 1485 846 1573 signum
863 1486 907 1553 ad
927 1487 1116 1565 orationem
1137 1497 1172 1555 et
1187 1487 1346 1555 examina
1360 1496 1395 1553 et
1409 1504 1554 1558 mensam,

347 1604 446 1671 aliter
461 1604 508 1671 ad
521 1602 600 1683 alia;
614 1624 695 1669 narn
710 1601 840 1669 diutius
851 1602 1053 1688 pulsabatur
1064 1604 1108 1669 ad
1119 1603 1332 1689 surgendum
1349 1614 1384 1669 et
1394 1601 1436 1667 ad
1448 1600 1556 1667 exhor·

348 1719 510 1788 tationem
528 1718 842 1798 hebdomadatim,
860 1718 1021 1785 nimirum
1037 1730 1134 1786 tanto
1157 1717 1322 1805 tempore,
1339 1727 1499 1803 quantum
1513 1734 1554 1779 re·

348 1818 495 1920 quiritur
510 1835 554 1901 ad
570 1833 782 1901 recitandum
805 1834 898 1900 lente
914 1833 1101 1903 orationem
1121 1832 1326 1901 dominicam
1348 1844 1383 1899 et
1402 1827 1556 1899 salutatio
1673 1861 1674 1922 3

348 1972 427 2020 nem
444 1948 646 2036 angelicam3
666 1950 710 2015 ad
725 1970 869 2017 examen
885 1972 970 2019 uero
990 1962 1027 2018 et
1046 1949 1302 2017 meditationem
1318 1959 1353 2015 et
1369 1950 1412 2015 ad
1426 1964 1555 2013 mensam
1673 1935 1674 1946 ¹

348 2066 469 2152 pulsus
485 2086 670 2151 campanae
686 2064 832 2131 durabat
847 2075 981 2132 tanturn
998 2088 1058 2153 per
1073 2068 1153 2133 Aue
1169 2065 1290 2135 Maria.

417 2179 572 2249 Vetitum
589 2191 664 2248 erat
679 2202 739 2265 per
759 2181 914 2267 regulam
930 2202 1032 2248 vnam
1053 2203 1097 2249 ex
1113 2181 1354 2248 communibus
1369 2203 1414 2248 ne
1428 2176 1498 2264 quis
1510 2186 1558 2241 ant

349 2298 492 2383 legeret,
511 2306 571 2375 aut
587 2296 797 2381 loqueretur,
814 2308 875 2363 aut
891 2309 1004 2365 oraret
1023 2299 1110 2365 adeo
1125 2298 1214 2365 elata
1230 2318 1329 2378 uoce,
1347 2306 1387 2362 ut
1402 2297 1481 2362 alter
1494 2312 1557 2379 per·

350 2414 559 2478 turbaretur.

416 2525 515 2594 Lecti
531 2528 824 2611 componebantur
839 2537 919 2597 ante
935 2539 1047 2595 ortum
1063 2529 1182 2595 solem.

417 2641 587 2709 Cubicula
614 2641 767 2727 quotidie
795 2643 1032 2725 uerrebantur3
1056 2666 1075 2710 a
1098 2666 1167 2729 quo
1185 2645 1303 2711 labore
1324 2641 1558 2729 excipiebantur
1672 2717 1673 2726 ἵ

351 2756 494 2843 professi
506 2767 541 2823 et
557 2756 661 2842 aliqui
678 2756 734 2823 alii
750 2757 908 2844 occupati
928 2757 965 2823 in
985 2759 1134 2844 negotiis
1154 2759 1289 2839 domus,
1307 2770 1342 2826 et
1359 2758 1414 2825 his
1428 2758 1470 2823 ad
1483 2773 1558 2820 com·
1672 2789 1673 2798 κ

350 2872 529 2959 ponendos
552 2874 663 2944 lectos
686 2885 721 2941 et
738 2874 907 2943 uertenda
927 2874 1086 2941 cubicula
1106 2874 1241 2960 aliquos
1263 2873 1461 2961 assignabat
1477 2866 1559 2935 mini·

349 2999 421 3057 ster
437 2990 574 3055 domus.

417 3106 551 3171 Natura
566 3104 652 3171 dura
668 3114 703 3172 et
719 3103 847 3171 difficili
860 3104 1022 3191 praeditis
1037 3117 1156 3175 mutua
1167 3104 1338 3191 colloquia
1354 3127 1415 3191 per
1429 3098 1559 3188 regulam

351 3230 450 3289 erant
467 3220 583 3287 uetita

420 3334 564 3402 Intranti
580 3356 623 3401 ex
635 3334 773 3404 ciuitate
785 3338 925 3403 domum
942 3337 998 3405 uel
1010 3337 1150 3406 exeunti
1166 3338 1270 3405 domo
1281 3358 1352 3403 non
1366 3336 1486 3403 licebat
1495 3330 1560 3397 sub-

353 3451 474 3519 sistere
490 3451 533 3516 ad
554 3460 685 3537 portam
707 3472 772 3519 nec
795 3474 901 3539 prope
920 3462 1063 3539 portam.
1088 3454 1192 3539 Quod
1208 3452 1237 3519 si
1257 3450 1387 3538 aliquid
1405 3447 1561 3518 dicendum

355 3574 446 3635 esset
462 3586 503 3632 eo
519 3564 555 3630 in
572 3566 650 3633 loco
667 3566 781 3647 alicui,
800 3567 969 3634 submissa
986 3589 1074 3637 uoce
1089 3581 1124 3635 et
1139 3567 1237 3653 quasi
1253 3568 1296 3635 ad
1311 3588 1428 3635 aurem
1442 3566 1560 3647 loquen·
1671 3547 1672 3556 ¹

356 3683 438 3748 dum
460 3693 534 3750 erat
554 3704 596 3749 ex
618 3682 826 3779 praescripto
846 3682 1004 3770 specialis
1026 3685 1167 3771 regulae
1186 3686 1252 3750 hac
1273 3684 1388 3750 dere.
1412 3680 1459 3749 llli
1477 3674 1560 3745 enim·

355 3796 415 3883 qui
431 3798 475 3863 ad
489 3798 659 3883 colloquia
673 3800 717 3866 ad
736 3808 869 3885 portam
886 3799 1111 3881 uocabantur,
1130 3798 1338 3867 iubebantur
1355 3820 1418 3885 per
1432 3791 1560 3881 regulam

356 3923 454 3982 extra
480 3912 570 3979 uiam
599 3914 771 4001 publicam
798 3914 961 3999 colloqui,
990 3938 1034 3983 ne
1061 3914 1266 4002 impedirent
1296 3916 1513 3983 aduentantes
1534 3913 1561 3968 el

356 4029 540 4111 abeuntes;
567 4030 720 4115 nullique
747 4030 872 4099 licebat
893 4031 1057 4099 accedere
1078 4032 1120 4098 ad
1141 4030 1350 4116 colloquium
1369 4052 1447 4097 cunr
1470 4022 1561 4107 atiquo

358 4166 464 4231 prope
479 4156 625 4231 portam,
640 4144 706 4211 nisi
722 4157 814 4214 esset
830 4157 976 4212 uocatus
989 4170 1010 4213 a
1021 4145 1184 4231 janitore.

426 4261 519 4328 Nulli
535 4261 660 4330 licebat
676 4261 711 4328 in
728 4261 916 4329 domestico
932 4262 1058 4330 sacello
1074 4283 1210 4329 sacrum
1226 4262 1341 4330 dicere
1352 4274 1412 4329 aut
1427 4260 1467 4328 ad
1480 4255 1509 4323 id
1521 4249 1562 4317 di·
1670 4241 1671 4258 ¹

357 4378 505 4443 cendum
522 4378 718 4467 quempiam
734 4399 859 4446 vocare
875 4377 952 4445 sine
967 4377 1107 4445 licentia
1124 4380 1165 4445 P.
1184 4377 1322 4465 Ignatii.

426 4495 476 4559 Ex
493 4496 597 4563 rebus
612 4494 811 4563 domesticis
827 4516 896 4561 non
912 4493 1038 4562 licebat
1049 4493 1234 4580 quicquam
1245 4494 1378 4562 donare
1389 4513 1450 4561 nec
1464 4494 1560 4555 mutuo

357 4608 441 4677 dare
457 4610 530 4678 sine
546 4610 684 4679 licentia
700 4610 808 4699 ipsius
825 4614 866 4679 P.
885 4610 1022 4698 Ignatii3
1040 4632 1142 4697 quam
1158 4613 1316 4698 regulam
1328 4620 1433 4679 totam
1443 4606 1561 4694 ipsemet
