3500 5367
49 14 549 184 Ρ
586 130 588 135 ,

432 538 572 596 Tardius
592 552 737 597 onumuu
755 542 880 597 lenanu
897 554 940 597 er
957 553 1118 599 socronuu
1301 558 1353 613 545
1442 578 1445 582 ·
1561 554 1565 561 '

154 693 278 759 liorum
294 702 329 759 et
345 691 421 759 aliis
436 691 630 779 apostolicis
646 694 949 762 constitutionibus
965 706 1001 763 et
1016 695 1300 776 ordinationibus,
1324 720 1388 765 nec

154 830 234 900 non·
246 807 385 875 statutis
405 818 474 874 tam
498 808 764 895 provincialibus
786 830 891 896 quam
915 810 1150 897 synodalibus,
1175 812 1388 899 caeterisque

154 906 338 991 contrariis
354 923 640 1011 quibuscumque.

222 1041 351 1105 Datum
368 1040 498 1107 Romae
513 1043 604 1126 apud
620 1042 658 1110 S.
677 1041 817 1109 Petrum
834 1062 913 1109 cum
929 1040 938 1083 ἱ
952 1040 1066 1129 sigillo
1082 1042 1185 1109 officii
1206 1044 1387 1129 poeniten·

154 1154 286 1234 tiariae,
306 1156 338 1221 V
355 1156 431 1221 Kal.
451 1155 544 1236 Maii,
563 1157 782 1243 pontificatus
797 1160 841 1225 D.
862 1158 961 1224 Pauli
978 1160 1049 1225 ΡΡ.
1069 1159 1114 1225 ΙΙΙ
1129 1181 1222 1227 anno
1237 1159 1316 1228 1111'.

222 1274 255 1339 A
278 1285 377 1358 tergo
397 1270 403 1360 Ι
422 1271 540 1339 Gratis
560 1282 692 1340 attenta
715 1294 834 1339 eorum
858 1273 1015 1341 doctrina
1038 1285 1073 1342 et
1095 1274 1383 1361 peregrinatione.

155 1389 201 1454 A.
221 1387 355 1455 Card.¹is
375 1386 381 1469 Ι
402 1389 447 1455 Α.
466 1387 677 1455 Lomellinus
697 1386 702 1475 1
725 1390 764 1454 Ρ.
784 1389 830 1473 Q.
850 1389 1050 1457 Cordellus»
1069 1389 1094 1455 ¹¹.

223 1503 288 1571 Die
304 1502 490 1601 dominica,
508 1506 570 1571 X.⁸
586 1504 713 1571 mensis
724 1502 832 1593 Junii,
846 1504 892 1569 ad
905 1515 1053 1589 quatuor
1069 1505 1218 1573 minores
1233 1485 1397 1587 ordines,

152 1631 189 1686 et
206 1618 241 1685 in
257 1619 313 1688 die
330 1621 418 1687 festo
433 1621 496 1688 SS.
517 1618 587 1687 Viti
605 1642 645 1685 ac
662 1618 821 1700 Modesti,
844 1621 938 1705 quod
959 1632 1032 1687 erat
1052 1622 1205 1689 solemne
1225 1624 1387 1709 generale

153 1734 190 1801 in
207 1738 272 1802 hac
288 1736 377 1803 alma
389 1735 611 1803 Venetiarum
625 1734 776 1815 civitate,
790 1736 855 1801 hoc
871 1745 925 1803 est
941 1734 1061 1822 quinta
1076 1734 1209 1805 decima
1221 1735 1277 1803 die
1292 1738 1322 1821 ej
1329 1759 1386 1803 us·

153 1853 234 1917 dem
255 1850 395 1929 mensis,
420 1852 464 1917 ad
485 1850 765 1931 subdiaconatus;
788 1848 921 1918 decima
941 1850 1098 1936 septima,
1120 1872 1208 1935 quae
1228 1851 1294 1918 fuit
1314 1854 1387 1920 dies

153 1966 339 2049 dominica,
372 1967 416 2033 ad
446 1966 661 2047 diaconatus;
694 1964 862 2052 vigesima
893 1980 1026 2051 quarta,
1060 1969 1126 2033 hoc
1156 1978 1210 2034 est
1236 1966 1270 2033 in
1299 1970 1387 2034 festo

153 2082 219 2151 Sti.
232 2082 402 2171 Johannis
420 2082 606 2169 Baptistae,
624 2082 668 2148 ad
684 2080 931 2167 presbiteratus
945 2082 1085 2150 ordines
1096 2083 1196 2167 juxta
1214 2084 1386 2151 tenorem¹

154 2209 296 2265 sanctae
312 2220 472 2267 romanae
495 2197 661 2265 ecclesiae
681 2198 746 2265 rite
766 2218 806 2263 ac
827 2197 995 2265 canonice
1016 2197 1104 2264 infra
1124 2198 1307 2266 missarum
1328 2221 1387 2267 so·

153 2314 293 2395 lemnia,
312 2314 411 2381 nobis
427 2315 461 2380 in
479 2313 731 2400 pontificalibus
747 2313 1000 2381 celebrantibus
1016 2314 1051 2379 in
1068 2314 1199 2401 capella
1214 2326 1331 2382 nostra
1353 2314 1388 2381 in

154 2432 259 2497 domo
274 2431 395 2498 solitae
412 2430 634 2498 habitationis
650 2440 787 2497 nostrae
811 2429 846 2495 in
867 2428 1005 2497 civitate
1027 2429 1263 2511 venetiarum,
1286 2432 1388 2497 duxi-

154 2567 234 2613 mus
250 2546 521 2633 promovepdum
538 2566 578 2613 ac
594 2546 824 2633 promovimus
840 2545 1001 2611 idoneum
1018 2567 1058 2613 ac
1078 2545 1307 2615 sufficientem
1332 2570 1386 2615 re·

154 2673 305 2748 pertum,
323 2663 366 2727 ad
382 2662 517 2729 titulum
534 2660 735 2730 sufficientis
751 2661 915 2731 scientiae
931 2682 971 2729 ac
987 2636 1227 2751 uoluntari[a]e
1239 2684 1382 2749 pauper·

155 2778 249 2861 tatis,
267 2778 317 2844 sic
333 2778 553 2865 dispensante
570 2780 695 2845 Rev.¹¹¹⁰
710 2781 788 2844 Ι).ῐιο
804 2781 848 2845 D.
867 2777 1080 2863 Hieronymo
1097 2779 1237 2845 Verallo
1249 2790 1283 2858 ¹¹¹,
1298 2778 1385 2845 sacri

153 2894 272 2981 palatii
286 2908 467 2961 causarum
484 2893 651 2973 auditore,
676 2906 711 2959 et
731 2893 766 2959 in
784 2907 856 2961 toto
873 2892 1095 2961 Venetiarum
1116 2892 1282 2976 dominio,
1306 2916 1385 2961 cum

154 3021 324 3097 potestate
341 3010 521 3077 cardinalis
537 3010 641 3096 legati
659 3012 701 3078 de
723 3011 840 3090 latere,
864 3010 982 3096 legato
1003 3008 1202 3094 apostolico:
1229 3010 1266 3076 in
1287 3010 1387 3095 cujus

154 3125 313 3193 manibus
327 3124 441 3192 dictus
457 3126 470 3191 l
472 3125 610 3211 gnatius
626 3126 670 3193 de
682 3126 813 3211 Loyola
826 3135 1062 3211 paupertatem
1075 3124 1170 3190 vovit
1182 3137 1385 3211 perpetuam
1406 3198 1410 3205 ,

154 3240 443 3320 solemnitatibus
461 3240 496 3307 in
517 3240 683 3307 similibus
704 3240 879 3307 observari
898 3239 1019 3319 solitis,
1042 3240 1157 3308 debite
1180 3242 1384 3311 observatis.

155 3358 191 3423 ln
213 3378 359 3442 quorum
387 3356 540 3423 omnium
567 3356 671 3424 fidem
699 3378 738 3423 ac
767 3354 1002 3423 testimonium
1029 3368 1229 3442 praesentes
1255 3356 1387 3424 litteras

155 3472 240 3554 fieri,
260 3494 300 3540 ac
318 3494 378 3559 per
395 3472 563 3539 notarium
586 3472 852 3557 infrascriptum,
878 3470 1052 3557 sigillique
1074 3472 1182 3539 nostri
1203 3472 1386 3559 appensio·

157 3610 211 3669 ne,
230 3588 355 3655 muniri
373 3588 527 3655 fecimus.

220 3708 348 3773 Datum
366 3703 522 3773 Venetiis
538 3703 572 3770 in
589 3703 719 3789 capella
737 3701 958 3769 habitationis
974 3715 1123 3782 nostrae,
1142 3724 1234 3768 anno
1254 3724 1274 3769 a
1298 3704 1387 3769 nati-

156 3820 258 3888 vitate
274 3820 413 3887 Domini
436 3836 531 3903 1537,
550 3818 606 3887 die
622 3840 704 3887 vero
721 3836 764 3901 27
780 3840 884 3905 supra
900 3816 982 3883 dicti
998 3817 1127 3885 mensis
1138 3818 1245 3906 Junii.

222 3938 407 4021 Presbyter
436 3948 449 3974 ¹¹
479 3936 623 4001 lacobus
650 3935 693 4001 de
717 3932 902 4002 Zambellis
922 3935 1045 4001 Venet.
1069 3934 1240 4013 notariuS,
1268 3934 1388 4003 Rev.¹¹¹i

157 4050 225 4119 D.¹³i
239 4051 346 4139 legati
362 4050 555 4138 apostolici,
573 4062 608 4119 et
624 4048 706 4117 dieti
724 4047 791 4116 R.di
808 4048 879 4115 D.¹¹i
894 4044 1048 4134 episcopi
1069 4049 1224 4116 arbensis
1245 4051 1388 4115 manda-

157 4178 202 4248 to,
221 4166 421 4255 subscripsi.

221 4286 302 4349 Alia
329 4304 448 4349 manu.
476 4284 512 4349 ln
535 4301 745 4369 pergameno
765 4280 900 4365 script:
924 4280 1007 4346 folio
1027 4280 1265 4362 integro-ln
1285 4282 1388 4346 dorso

207 4502 214 4541 l
251 4500 306 4555 sub
321 4498 401 4557 Boll.
439 4498 482 4549 -i
502 4498 535 4552 P.
547 4496 585 4552 de
599 4496 721 4567 Pamphi
734 4495 838 4565 gratis.
851 4494 884 4548 F.
900 4493 1076 4563 Sergardus.
1091 4494 1156 4549 Phi.
1172 4494 1311 4549 Ferrinus
1323 4510 1388 4563 gra·

69 4610 71 4649 3
158 4588 202 4643 tis.
219 4590 255 4643 A.
268 4588 448 4645 Lomellinus
461 4588 498 4642 de
512 4604 659 4642 consensu
674 4584 831 4639 mandante
844 4583 1117 4639 Reverendissimo.
1130 4586 1256 4639 Addunt
1270 4584 1387 4637 «Rota»

70 4720 72 4743 ;
158 4679 204 4720 -k
229 4679 265 4733 A.
280 4676 473 4736 Lomellinus.
488 4676 649 4733 Cardellas.
663 4674 743 4729 Boll.
782 4674 825 4715 ..1
841 4674 927 4744 juxta
943 4686 1052 4727 morem
1065 4674 1144 4728 Boll.
1185 4688 1241 4717 -ω
1261 4673 1389 4728 Veraldo

71 4760 73 4829 ζ
159 4783 212 4820 mr.
250 4784 298 4811 ..n
317 4768 388 4824 Pbr.
403 4784 459 4822 ms.

71 4838 73 4849 .
286 4866 390 4913 ltonmn
408 4862 622 4911 lesan-Snus
637 4862 682 4914 lv,
696 4872 756 4907 rou.
774 4860 797 4905 1.
1225 4860 1253 4904 ns
