3500 5367
583 308 598 337 Ι

425 472 605 527 Drcraurua
626 470 658 525 S.
680 472 802 527 lustru
820 486 841 527 a
861 471 895 526 P.
916 472 1072 529 Lancrcro
1091 484 1258 529 corruere
1366 476 1420 545 487

284 626 416 693 Dentes
433 636 585 713 tempore
606 626 738 713 prandii
756 627 812 695 uel
827 647 957 695 coenae
971 627 1084 693 cultro
1099 627 1211 693 aliaue
1227 650 1264 695 re
1280 630 1449 716 scalpere,

215 742 273 807 uel
302 752 472 809 extractas
492 767 512 811 e
535 742 696 811 dentibus
724 742 843 809 sordes
864 742 907 808 ad
936 764 1094 829 mappam
1110 765 1249 811 mensae
1271 744 1450 837 abllulere‚

215 856 390 922 rusticitas
406 856 660 925 aestimabatur:
676 858 724 923 vti
737 858 860 927 eiicere
876 881 919 925 ex
935 879 995 925 ore
1007 858 1062 925 uel
1079 857 1195 943 spinas
1211 860 1267 925 uel
1280 860 1452 947 fragmen·
1491 878 1495 885 ·

215 983 252 1037 ta
267 972 397 1038 ossium
415 986 474 1039 aut
490 974 544 1039 his
559 973 682 1041 similia
698 974 893 1041 immediate
906 973 943 1039 in
960 976 1089 1053 orbem,
1108 976 1169 1042 sed
1190 975 1225 1040 in
1247 996 1386 1042 manum
1403 977 1452 1042 si-

213 1086 359 1153 nistram
376 1099 468 1156 etex
484 1088 542 1156 illa
557 1090 682 1157 deinde
698 1090 733 1155 in
749 1091 880 1159 orbem.

282 1204 490 1271 lnurbanum
507 1216 580 1273 erat
600 1228 704 1272 manu
723 1205 860 1272 sinistra
876 1205 1005 1284 bibere,
1023 1206 1212 1290 eademque
1229 1208 1376 1274 tenendo
1395 1208 1450 1272 fu·

210 1318 382 1385 scinulam
397 1320 448 1387 ori
464 1319 578 1387 cibum
596 1322 765 1407 ingerere
785 1321 834 1388 uti
855 1342 924 1387 non
949 1331 1070 1400 totum,
1089 1319 1180 1405 quod
1196 1321 1368 1388 cochleari
1385 1322 1450 1388 im·

211 1434 362 1519 positum
380 1448 443 1517 est,
462 1436 562 1503 simul
577 1458 638 1505 ore
653 1436 819 1523 accipere,
838 1436 900 1505 sed
920 1457 981 1522 per
1001 1448 1128 1522 partes,
1147 1448 1183 1504 et
1203 1437 1374 1504 iusculum
1389 1460 1449 1504 ca·

210 1548 315 1617 lidius
336 1550 371 1617 in
396 1552 565 1619 cochleari
592 1553 641 1619 ori
666 1552 857 1639 propinquo
880 1554 962 1617 flatu
984 1550 1199 1637 refrigerare3
1223 1554 1284 1619 sed
1305 1553 1450 1621 maxime

210 1678 377 1751 tanquam
393 1670 496 1734 homo
511 1667 705 1735 rusticanus
718 1668 987 1754 improbabatur,
1000 1666 1029 1733 si
1045 1666 1134 1753 quis,
1149 1666 1263 1733 cibum
1280 1669 1447 1735 manden-

208 1782 269 1862 do,
288 1794 455 1868 perpetuo
469 1806 508 1849 os
525 1785 684 1869 aperiret,
703 1794 738 1852 et
760 1782 940 1869 strepitum
958 1782 1129 1867 quendam
1145 1782 1340 1851 diducendo
1355 1785 1447 1851 labia

209 1908 272 1963 aut
292 1898 441 1966 bibendo
461 1901 589 1979 ederet,
607 1911 667 1966 aut
688 1900 822 1967 iusculo
844 1900 901 1966 uel
919 1898 1131 1985 pinguedine
1152 1897 1299 1965 infectos
1319 1898 1447 1987 digitos

207 2012 342 2099 priores
353 2035 412 2081 ore
428 2015 605 2096 lamberet,
620 2028 655 2083 et
666 2037 734 2081 non
748 2014 889 2083 linteolo
901 2014 971 2094 illo,
986 2035 1055 2098 quo
1067 2014 1165 2099 panis
1182 2014 1253 2101 tegi
1266 2015 1365 2097 solet,
1384 2018 1446 2083 ab·

210 2140 396 2215 stergeret.

278 2244 348 2329 Qui
366 2245 603 2312 ministrabant
621 2246 758 2326 mensis,
773 2268 962 2332 nunquam,
978 2247 1059 2311 dum
1073 2256 1151 2311 ante
1164 2245 1373 2331 superiorem
1390 2270 1446 2315 se·

206 2361 347 2427 dentem
366 2360 561 2441 transirent,
575 2374 680 2447 caput
691 2361 722 2429 ei
739 2360 950 2448 aperiebant,
967 2362 1029 2429 sed
1046 2371 1129 2426 tunc
1146 2373 1292 2442 tantum,
1306 2365 1446 2447 quando

207 2478 267 2544 uel
294 2476 444 2543 intrabat
466 2477 684 2545 refectorium
710 2479 767 2546 uel
790 2476 1045 2565 egrediebatur.
1070 2478 1251 2544 Praeterea
1274 2479 1357 2545 dum
1381 2479 1443 2545 ali-

206 2592 287 2678 quis
303 2604 317 2631 ⁰
333 2592 429 2659 alteri
450 2592 525 2661 siue
546 2592 709 2661 assidenti
725 2593 802 2675 sibi,
821 2594 895 2661 siue
913 2592 1077 2661 remotius
1093 2590 1237 2673 sedenti,
1256 2593 1384 2678 aliquid
1401 2618 1443 2663 ex

204 2708 262 2789 iis,
286 2728 374 2794 quae
401 2707 465 2795 ipsi
489 2710 591 2775 allata
611 2719 720 2789 erant,
743 2708 993 2777 comedendum
1021 2707 1170 2776 traderet
1189 2720 1250 2775 aut
1279 2709 1441 2790 mitteret,

204 2824 300 2908 quod
324 2834 358 2891 et
386 2844 479 2890 nunc
504 2827 631 2891 Romae
655 2836 824 2905 seruatum
843 2836 879 2892 et
899 2823 928 2889 si
952 2822 1168 2889 omitteretur
1191 2824 1234 2889 ab
1256 2824 1383 2908 aliquo,
1410 2825 1443 2891 id

203 2960 345 3005 crassae
360 2960 494 3005 morum
511 2939 667 3007 ciuilitati
685 2940 905 3008 tribueretur.

273 3054 438 3122 Omnium
463 3057 597 3142 culpae,
620 3078 640 3122 e
661 3067 831 3142 suggestu
855 3076 925 3121 non
949 3053 1015 3121 alia
1037 3076 1140 3139 quam
1164 3054 1277 3121 italica
1303 3054 1434 3141 lingva,

201 3169 308 3238 etiam
325 3172 554 3251 sacerdotum,
573 3170 775 3237 dicebantur
791 3192 811 3237 a
827 3172 967 3250 lectore,
982 3168 1096 3255 capite
1110 3171 1261 3250 detecto,
1277 3172 1341 3236 hac
1357 3192 1438 3240 ver-

200 3288 326 3351 borum
342 3286 500 3353 formula:
527 3288 598 3353 «Ex
614 3297 710 3373 parte
726 3298 866 3354 sanctae
883 3285 1097 3355 obedientiae
1121 3285 1247 3352 dicitur
1267 3287 1369 3373 culpa
1387 3297 1437 3352 ta-

200 3402 258 3483 lis,
276 3402 356 3487 quia
373 3402 452 3469 lecit
470 3406 537 3469 hoc
555 3404 610 3471 uel
626 3402 722 3485 illud;
738 3422 800 3489 pro
817 3400 1026 3489 poenitentia
1043 3400 1147 3469 saciet
1162 3403 1229 3467 hoc
1245 3403 1302 3468 uel
1317 3400 1436 3470 illud.»

200 3516 418 3585 Poenitentia
430 3540 511 3585 vero
524 3518 710 3599 nominata,
730 3517 813 3584 nihil
829 3518 935 3598 aliud,
949 3539 994 3585 ne
1010 3517 1148 3601 quidem
1159 3538 1267 3583 vnum
1279 3517 1437 3599 verbum,

199 3632 410 3707 addebatur.

268 3749 468 3815 Benedictio
483 3750 526 3817 ad
544 3762 612 3817 1.²¹¹¹
629 3772 781 3818 mensam
797 3750 899 3817 simul
914 3750 959 3815 ab
974 3747 1146 3828 omnibuS,
1161 3747 1196 3814 in
1209 3749 1297 3813 duos
1312 3750 1439 3815 choros

194 3862 403 3947 distributis,
433 3866 529 3932 iuxta
552 3864 683 3932 romani
706 3864 866 3933 breuiarii
887 3862 1149 3951 praescriptum,
1179 3883 1265 3929 voce
1286 3863 1378 3929 clara
1401 3876 1438 3931 et

195 3979 475 4066 pronuntiatione
490 3982 594 4061 lenta,
613 4002 653 4048 ac
670 3980 743 4047 sine
760 3979 978 4049 festinatione
994 3979 1077 4061 ulla,
1095 3978 1153 4044 uix
1169 3978 1316 4047 celerius
1332 4000 1435 4063 quam

193 4096 331 4163 soleant
345 4098 449 4163 uerba
461 4096 727 4165 consecrationis
739 4095 808 4163 dici
819 4095 854 4162 in
868 4094 984 4175 missa,
998 4094 1239 4179 dicebatur;ad
1252 4092 1340 4161 ιω
1354 4115 1439 4162 vero

192 4230 349 4279 mensam
365 4210 508 4296 quilibet
524 4234 585 4299 per
600 4234 638 4279 se
654 4210 824 4279 submissa
839 4232 925 4276 voce
940 4209 1167 4276 benedicebat
1181 4229 1349 4276 mensam.

262 4328 355 4392 Dum
377 4327 433 4393 uel
449 4328 549 4396 ualde
565 4348 678 4411 senes,
701 4324 881 4407 debilitati,
906 4326 962 4394 uel
982 4326 1267 4393 conualescentes
1287 4325 1324 4389 in
1345 4325 1435 4390 rete·

191 4440 303 4507 ctorio
324 4442 497 4509 communi
519 4464 597 4510 cum
619 4442 694 4510 aliis
714 4444 946 4523 comederent,
965 4440 1014 4505 vti
1038 4453 1072 4509 et
1100 4438 1173 4507 1.¹¹¹'²‘
1190 4459 1210 4532 3
1230 4438 1355 4508 diebus
1373 4441 1440 4504 ho-

247 4706 261 4735 ⁰
298 4691 409 4765 aliquid
423 4710 483 4751 rns.
