3500 5367
394 465 448 536 718
772 462 982 520 Monuunnrn
1001 463 1182 520 lemanna

359 631 416 686 tur
431 618 565 686 initium
587 617 724 705 collegii
744 617 1021 705 ingolstadiensis
1044 629 1069 696 ⁸,
1092 619 1184 704 quod
1204 629 1281 706 post
1304 641 1414 686 annos
1436 633 1502 686 tres
1522 631 1572 685 aut

357 748 517 821 quatuor,
537 745 677 820 petente
693 735 838 802 Alberto
852 735 880 814 ⁹,
898 753 975 802 esse
991 733 1116 820 coepit.
1140 734 1235 802 Missi
1258 735 1396 819 quidem
1417 736 1493 802 illuc
1511 735 1572 821 pri-

358 875 452 945 mum
468 850 479 890 f
492 853 587 919 fuere
602 860 673 918 tres
688 873 708 916 e
723 849 861 930 nostriS,
880 849 938 935 qui
954 849 1186 932 nominantur;
1204 853 1265 919 sed
1281 852 1340 936 qui
1357 873 1469 920 ornnes
1482 873 1572 918 reuo-

358 969 425 1036 cati
443 968 551 1049 fuere,
569 977 608 1034 ut
624 965 775 1052 perillus
791 966 924 1032 nullum
938 963 1041 1031 fuerit
1052 965 1187 1032 initium
1200 965 1337 1054 collegii
1350 965 1571 1034 constitutum.

358 1087 478 1170 Quare
494 1083 529 1150 in
544 1083 613 1151 fine
629 1082 751 1168 capitis
766 1104 835 1169 ego
852 1081 903 1149 sic
918 1082 1081 1168 legerem:
1102 1081 1149 1148 Hi
1164 1083 1207 1149 ad
1232 1093 1368 1169 tempus
1390 1083 1572 1169 Ingolstadii

358 1199 480 1286 partim
497 1199 531 1264 in
547 1199 665 1265 schola
681 1198 889 1283 theologiam
902 1209 984 1263 sunt
995 1194 1132 1284 publice
1143 1197 1299 1283 professi,
1314 1197 1481 1285 partimin
1496 1209 1571 1264 tern-

357 1317 415 1402 plo
430 1315 638 1394 concionati,
658 1325 746 1382 utet
762 1313 924 1400 principis
940 1325 975 1380 et
987 1314 1181 1382 academiae
1193 1315 1443 1399 multorumque
1454 1315 1571 1382 animos

358 1434 402 1498 ad
418 1431 553 1497 initium
566 1429 703 1516 collegii
719 1429 1012 1511 constituendum,
1027 1430 1118 1514 quod
1131 1441 1250 1516 postea
1261 1431 1327 1495 sub
1340 1430 1477 1497 Alberto
1488 1429 1571 1516 prin·
1609 1468 1611 1475 π

358 1546 434 1632 cipe
450 1555 674 1612 consecutum
691 1555 755 1626 est,
773 1565 983 1631 magnopere
999 1542 1063 1610 sibi
1079 1543 1308 1612 deuincirent.
1328 1545 1371 1610 Et
1387 1545 1540 1611 Claudius
1548 1543 1569 1598 ³⁰

359 1662 495 1747 quidem
517 1660 597 1727 inde
617 1660 800 1740 Viennam,
824 1670 863 1726 ut
884 1670 1002 1746 postea
1028 1659 1199 1740 dicemuS,
1229 1681 1249 1725 a
1270 1681 1354 1746 rege
1375 1660 1571 1727 Ferdinando

337 1846 342 1854 ,
357 1778 566 1862 postulatus
584 1775 752 1844 discessit.

426 1896 513 1980 Pag.
536 1912 609 1980 139.
627 1890 713 1980 [Fol.
736 1892 869 1979 139r31.
889 1893 948 1972 lV,
967 1913 998 1958 c.
1018 1892 1074 1980 V].
1094 1893 1198 1958 Plura
1214 1891 1270 1958 hic
1286 1905 1426 1979 possent
1445 1889 1569 1977 adiungi

358 2010 402 2077 de
417 2007 584 2094 principio
606 2006 742 2093 collegii
764 2007 974 2074 viennensis.
998 2007 1164 2074 Claudius
1182 2006 1280 2095 Jaius
1303 2008 1468 2077 Viennam
1489 2006 1569 2074 uenit

357 2125 401 2190 ab
417 2123 626 2211 lngolstadio
642 2134 836 2203 reuocatus,
854 2133 891 2189 et
907 2145 927 2190 a
942 2123 1158 2190 Ferdinando
1175 2145 1257 2210 rege
1269 2125 1469 2210 postulatus.
1486 2121 1567 2190 Missi

356 2251 534 2324 praeterea
548 2262 591 2306 ex
608 2237 702 2308 Urbe
722 2241 767 2306 D.
786 2239 952 2305 Nicolaus
972 2241 1145 2324 Lanoyus‚
1165 2240 1316 2328 Joannes
1337 2239 1485 2306 Victoria
1502 2239 1567 2324 plu-

355 2375 478 2440 resque
497 2353 565 2437 alii;
584 2365 771 2439 praeterea,
789 2376 832 2420 ex
850 2354 1058 2440 ingolstadio
1075 2354 1201 2434 uocati,
1220 2366 1439 2423 accesserunt
1452 2357 1493 2422 D.
1510 2357 1566 2420 Pe-

357 2481 430 2535 trus
446 2469 607 2536 Canisius
622 2482 657 2538 et
677 2471 722 2536 D.
745 2469 909 2536 Nicolaus
929 2470 1134 2550 Goudanus,
1157 2468 1216 2554 qui
1237 2469 1338 2536 simul
1359 2481 1394 2538 et
1414 2469 1448 2536 in
1466 2469 1567 2535 schola

357 2585 566 2672 theologiam
582 2584 744 2671 professi,
762 2595 796 2651 et
817 2596 937 2671 postea
958 2586 1086 2670 populo
1106 2584 1261 2654 Viennae
1281 2597 1363 2652 sunt
1382 2584 1563 2652 concionati.

358 2705 520 2789 Magnam
542 2700 624 2767 huic
647 2699 793 2787 collegio
815 2700 991 2766 fundando
1015 2701 1186 2768 dederunt
1205 2721 1343 2787 operam
1365 2703 1513 2768 Vrbanus
1535 2701 1564 2778 ¹¹,

358 2817 540 2904 episcopus
554 2816 757 2896 labacensiS,
775 2827 810 2883 et
825 2820 871 2883 D.
885 2819 993 2905 Jonas
1012 2817 1034 2850 ¹¹
1049 2815 1361 2897 vicecancellarius,
1376 2828 1415 2883 ut
1426 2815 1481 2902 qui
1490 2813 1565 2901 apud

357 2955 476 3020 regem
498 2954 715 2999 romanorum
737 2943 819 2998 tunc
840 2934 995 2999 ualerent
1015 2931 1217 3018 plurimum,
1246 2943 1281 3000 et
1307 2932 1365 3017 qui
1393 2933 1436 3001 de
1461 2928 1566 2997 nostris

358 3050 447 3116 bene
463 3047 585 3116 mereri
601 3049 820 3115 studuerunt.
840 3047 994 3114 Primum
1011 3046 1148 3132 collegii
1163 3047 1329 3114 habitatio
1351 3047 1473 3114 nostris
1489 3045 1566 3132 apud

358 3164 608 3246 dominicanoS,
626 3175 745 3250 postea
765 3183 850 3229 uero
869 3163 904 3230 in
927 3162 1178 3251 carmelitarum
1200 3163 1408 3232 monasterio
1429 3159 1565 3247 contigit,

359 3282 450 3347 sicut
477 3294 571 3348 recte
597 3281 740 3347 docetur
767 3281 887 3348 eadem
915 3279 1053 3366 pagina.
1082 3281 1154 3348 Sed
1177 3281 1275 3366 plura
1295 3278 1362 3346 dici
1383 3288 1513 3366 possent
1532 3276 1567 3342 de

360 3398 400 3466 P.
419 3395 578 3478 Claudio,
596 3397 884 3483 quemadmodum
904 3395 1016 3466 obiter
1036 3395 1226 3463 subiiciam.
1246 3398 1278 3462 Is
1294 3395 1440 3483 primum
1455 3395 1487 3460 in
1501 3413 1567 3480 ger-

361 3512 504 3581 manicis
517 3511 664 3579 comitiis
680 3513 804 3578 bonam
821 3524 857 3581 et
872 3511 991 3582 utilem
1012 3533 1114 3600 saepe
1134 3510 1300 3580 ecclesiae
1320 3531 1456 3597 operam
1478 3528 1568 3576 naua-

362 3628 424 3708 uit,
442 3639 477 3697 et
493 3629 584 3714 apud
601 3638 783 3715 magnates
796 3627 934 3714 quidem
953 3628 1060 3696 ualuit
1076 3627 1274 3716 plurimum,
1293 3626 1474 3713 multisque
1487 3624 1569 3692 annis

360 3745 552 3812 Otthonem
569 3745 776 3814 cardinalem
792 3757 827 3813 et
847 3744 1046 3832 episcopum
1067 3737 1298 3833 augustanum
1320 3756 1374 3812 est
1394 3742 1568 3811 comitatus.

360 3862 393 3926 ls
408 3860 622 3929 Wormatiae
638 3883 754 3928 coram
770 3883 853 3948 rege
874 3881 1105 3942 romanorum,
1122 3882 1206 3936 cum,
1218 3863 1381 3946 frequens
1397 3871 1483 3928 esset
1501 3877 1571 3923 con-

360 3990 488 4044 uentus
503 3977 647 4064 imperii,
665 3999 792 4064 magna
807 3998 888 4044 cum
903 3978 1005 4044 laude
1021 3977 1085 4043 fuit
1102 3976 1214 4044 italice
1226 3976 1461 4044 concionatus.
1476 3977 1504 4042 ls
1515 3975 1571 4040 Ra-

415 4179 428 4207 e
466 4165 629 4236 Sequentia
642 4167 740 4221 decem
756 4167 846 4220 verba
859 4166 981 4220 addidit
995 4167 1029 4220 in
1041 4166 1184 4239 margine
1200 4163 1352 4221 canisius.
1390 4167 1438 4208 -f
1451 4163 1513 4218 Hoc
1523 4177 1573 4215 aar·

358 4254 430 4308 bum
444 4256 566 4311 addidit
580 4255 657 4311 Can.

416 4425 428 4458 ⁹
464 4425 590 4480 Alberto
603 4426 640 4495 V,
654 4424 797 4480 Bavariae
809 4425 896 4480 duce.

410 4517 431 4548 ¹⁰
467 4515 609 4571 Claudius
622 4514 716 4586 Jajus.

410 4603 428 4636 ¹¹
468 4605 607 4676 Urbanus
620 4605 744 4662 Textor.

405 4692 429 4728 fl
467 4695 597 4764 Jacobus
611 4695 713 4766 Jonas,
725 4693 843 4750 concilii
857 4693 945 4750 aulici
958 4692 1135 4750 Germaniae
1148 4691 1417 4750 vicecancellarius.
