3500 5367
646 453 781 511 Nonam
800 465 945 509 conicuu

649 778 652 785 ,
704 713 817 778 Codex
832 714 887 776 16.

227 898 353 970 Romae,
367 901 396 956 in
415 902 547 957 Archino
565 902 708 957 Vaticano
726 902 841 971 (Roma.
863 899 1004 957 Archivio
1022 898 1176 955 Vaticano.
1197 898 1341 954 “Codices
1354 900 1408 954 So·

170 987 295 1043 cietatis
308 990 407 1059 Jesua,
425 1010 454 1045 n.
468 991 509 1060 6).

236 1142 310 1201 Cod.
331 1144 423 1204 Vatia.
441 1142 901 1218 o,-V01.0m,226x0m,150;
918 1162 1106 1221 pergamena
1124 1143 1302 1203 membrana
1320 1160 1407 1201 com-

170 1251 319 1322 positum.

231 1357 395 1433 Inscriptio
410 1360 440 1417 in
463 1361 565 1418 dorso:
584 1359 628 1418 «C
647 1360 650 1437 l
670 1360 722 1418 N.⁰
737 1361 787 1419 68.
806 1360 810 1436 l
829 1360 887 1419 Α...
907 1360 911 1436 Ι
929 1360 1021 1417 Varia
1041 1359 1081 1417 ad
1100 1359 1235 1417 Soci.tem
1250 1359 1405 1432 pertinen-

168 1462 210 1519 tia
230 1462 234 1538 Ι
254 1464 298 1521 Et
314 1462 321 1495 ¹
337 1466 494 1542 catalogus
513 1465 628 1525 adest²
646 1468 651 1543 l
669 1467 747 1525 Acta
761 1468 792 1526 P.
813 1467 923 1543 ignatii
940 1468 947 1543 Ι
965 1484 1006 1525 ex
1022 1467 1054 1525 P.
1070 1466 1195 1523 Ribad.a
1212 1500 1217 1541 ,
1236 1464 1405 1523 Collectaa

171 1570 203 1627 P.
215 1568 347 1629 Natali.»
360 1573 489 1631 lulerius
504 1575 533 1631 in
550 1576 653 1633 charta
667 1574 864 1650 agglutinata:
882 1575 921 1631 «6
938 1578 943 1642 1
962 1573 987 1632 C
1005 1576 1010 1648 Ι
1031 1588 1137 1650 3713.»

231 1676 364 1737 Constat
378 1696 436 1757 407
453 1681 483 1739 is.
498 1690 638 1740 recenter
661 1684 730 1739 stilo
749 1682 877 1757 lapideo¹
887 1683 1023 1759 signatis.
1038 1682 1092 1739 Est
1117 1680 1259 1740 collectio
1273 1680 1405 1754 plurium

169 1784 354 1859 libellorum,
369 1787 409 1844 de
424 1788 552 1847 diversis
566 1788 658 1847 rebus
673 1790 839 1865 agentium,
854 1806 927 1847 cura
947 1789 979 1847 P.
998 1788 1116 1848 Natalis
1135 1788 1286 1858 confecta,
1301 1794 1333 1843 et
1347 1786 1406 1843 fre·

169 1893 340 1965 quentibus
354 1894 493 1969 ejusdem
515 1892 765 1955 annotationibus
778 1897 933 1956 illustrata.
959 1896 1113 1955 Numerus
1137 1902 1406 1953 monumentorum

167 2003 312 2059 omnium
327 2004 418 2077 hujus
432 2004 548 2061 codicis
563 2012 610 2063 est
625 2005 745 2063 circiter
757 2006 806 2063 66.

229 2108 255 2165 F
257 2110 300 2167 ol.
319 2124 343 2167 1:
365 2094 542 2187 «illelanges
559 2112 565 2187 Ι
583 2111 637 2170 N.⁰
652 2112 691 2171 68
710 2118 715 2185 ῑ
733 2113 890 2171 a».—Fol.
910 2128 928 2171 2
947 2110 1199 2171 vacnum-Fal.
1226 2128 1241 2185 3
1267 2108 1405 2167 continet

170 2214 306 2273 indicem
317 2233 426 2275 rerum.
438 2218 472 2275 ln
485 2218 515 2277 ll.
534 2229 547 2290 5
561 2226 592 2277 et
605 2220 626 2276 6
640 2220 722 2279 aliud
737 2228 839 2278 exstat
853 2220 1031 2295 exemplum
1043 2218 1152 2277 indicis
1162 2236 1273 2288 rerum,
1284 2214 1401 2274 Natalis

171 2339 263 2381 mauu
279 2332 449 2383 exaratum.
466 2324 494 2383 A
513 2326 564 2383 sol.
581 2342 597 2401 7
613 2328 762 2401 incipiunt
785 2336 995 2399 monumenta,
1019 2344 1099 2400 quae
1123 2343 1236 2402 magna
1258 2330 1401 2398 exparte

171 2440 267 2504 agamt
294 2430 333 2488 de
353 2430 639 2493 Constitutionibus
665 2434 752 2493 Haec
776 2444 847 2493 sunt
871 2436 1051 2509 praecipua,
1065 2434 1243 2493 brevissime
1258 2431 1400 2489 iudicata:

172 2534 338 2597 «Officium
352 2542 579 2599 examinatoris.
596 2542 733 2619 Regulae
752 2560 808 2617 pro
823 2544 880 2614 his,
895 2544 948 2617 qui
962 2544 1078 2601 suntin
1093 2542 1190 2617 prima
1208 2540 1400 2615 probatione3

172 2660 225 2716 pro
239 2646 441 2717 scholasticis
457 2664 513 2721 pro
528 2649 769 2723 coadjutoribus,
788 2658 819 2708 et
833 2650 989 2724 professis;
1009 2666 1089 2725 quae
1107 2666 1149 2707 ex
1168 2647 1401 2707 constitutioni-

171 2749 228 2809 bus
242 2754 419 2813 communia
434 2763 513 2827 sunt;
533 2773 613 2829 quae
634 2760 810 2831 praeposito
829 2758 963 2835 generali
978 2758 1008 2817 S.
1031 2757 1057 2831 J.
1073 2765 1104 2815 et
1124 2757 1190 2815 aliis
1208 2754 1402 2813 inferioribus

171 2860 351 2934 praepositis
364 2864 561 2921 conveniunt:
576 2863 712 2923 officium
731 2864 877 2938 praefecti
895 2883 997 2923 rerum
1017 2864 1226 2940 spiritualium,
1242 2862 1401 2920 examina-

170 2967 251 3039 toris,
267 2968 406 3039 rectoria,
421 2970 625 3043 provincialis;
640 2971 793 3043 quaedam
808 2972 848 3029 de
863 2972 980 3031 studiis.
992 2971 1072 3029 Acta
1085 2969 1333 3047 congregationis
1346 2986 1400 3045 ge·

171 3074 281 3132 neralis
297 3084 357 3131 υ*
365 3083 436 3149 post
450 3076 641 3135 electionem.
654 3078 768 3137 lterum
782 3079 884 3137 officia
898 3078 1029 3148 diversa,
1049 3078 1112 3137 scil.
1133 3076 1338 3152 provincialis,
1351 3094 1400 3134 re-

172 3183 272 3252 ctoris,
288 3183 461 3255 visitatoris,
475 3184 613 3255 ministri,
624 3192 693 3257 etc,
708 3193 767 3244 etc.

226 3288 278 3347 ad
293 3306 342 3347 res
356 3290 527 3367 ignatianas
542 3292 627 3365 quod
642 3294 758 3365 attinet,
773 3295 850 3351 haec
865 3293 1017 3352 habentur
1030 3294 1061 3350 in
1075 3302 1141 3351 toto
1156 3294 1274 3352 codice:

169 3392 193 3449 F
195 3395 259 3453 oliis
280 3411 393 3469 14-2or.
411 3398 519 3457 «Estas
534 3417 591 3456 son
606 3398 651 3457 las
676 3417 765 3458 cosas
780 3401 820 3458 de
840 3418 902 3474 que
917 3419 958 3459 vn
983 3403 1102 3460 escolar
1125 3401 1166 3458 de
1181 3401 1209 3458 la
1228 3399 1401 3476 Compairla

328 3504 421 3561 desea
436 3522 486 3561 ser
500 3505 673 3563 inlormado
697 3506 794 3582 segdn
810 3508 839 3565 lo
855 3524 917 3580 que
935 3524 1045 3581 parece
1067 3507 1085 3565 a
1110 3507 1147 3565 N.
1173 3507 1300 3565 Padret»
1321 3506 1400 3564 Cum

329 3612 581 3685 responsionibus
601 3613 681 3671 datis
697 3614 775 3671 Patri
791 3614 942 3677 Brandao.

207 3741 223 3767 a
281 3732 317 3793 23
333 3725 364 3774 et
379 3732 426 3790 24.
445 3718 560 3777 «Modo
572 3736 633 3793 que
648 3738 682 3777 se
698 3721 778 3779 dene
793 3728 880 3780 tener
893 3723 1037 3780 tratando
1052 3740 1110 3783 con
1126 3723 1173 3783 los
1192 3725 1365 3799 superiores
1379 3743 1399 3799 y

328 3832 420 3885 otros.
430 3826 577 3903 -Reglas
588 3828 628 3885 de
640 3828 668 3885 la
680 3828 978 3888 modestia.-Aviso
990 3832 1081 3889 cdmo
1093 3833 1153 3890 han
1166 3832 1205 3889 de
1217 3833 1399 3891 caminar...»

209 3955 224 3982 »
282 3947 297 4003 3
303 3948 440 4008 33-337r.
455 3932 502 3989 De
524 3935 739 3995 traditionibus
763 3937 934 3997 Societatis.
956 3939 1004 3995 De
1027 3939 1303 3997 consuetudinibus
1318 3941 1401 4013 ejus·

328 4040 408 4098 dem.

207 4170 223 4195 a
282 4166 297 4222 3
303 4148 423 4223 58·389.
439 4150 472 4208 P.
489 4150 567 4209 Petri
584 4150 807 4209 Ribadeueirae
822 4153 861 4209 dc
876 4154 953 4211 actis
967 4154 999 4212 P.
1019 4154 1056 4211 N.
1074 4155 1190 4230 Ignatii,
1205 4172 1276 4213 cum
1294 4172 1400 4213 emen-

327 4256 504 4314 dationibus
519 4257 550 4315 P.
563 4258 688 4317 Natalis.

211 4386 224 4411 »
286 4378 353 4438 390.
372 4364 509 4440 Regulae
525 4365 556 4423 P.
572 4366 609 4424 N.
626 4366 749 4424 Domini
761 4367 879 4443 Ignatii.

179 4505 381 4523 ψ

222 4602 230 4635 ¹
268 4602 386 4658 initium
400 4604 488 4676 hujus
502 4622 606 4663 versus
620 4624 696 4679 pene
710 4608 840 4665 deletum
855 4621 915 4667 est.

220 4696 231 4726 ²
269 4692 339 4751 Scil.
355 4695 508 4765 catalogus
520 4713 617 4753 rerum
632 4698 662 4753 in
676 4698 731 4755 hoc
744 4698 846 4755 codice
859 4692 1050 4759 exstantium.
