3500 5367
401 461 453 519 108
778 465 986 521 Mouuururs
1006 464 1184 520 lenimus

363 613 407 684 de
422 617 472 684 las
488 615 626 686 mismas
641 617 870 687 difficultades
885 641 907 706 y
925 609 1147 703 tentapiones,
1166 638 1228 704 por
1242 615 1350 685 sentir
1365 623 1439 684 mos
1458 615 1510 684 las
1528 637 1599 683 en-

363 733 576 804 fermedades
591 755 657 808 con
673 756 792 823 mayor
808 737 967 824 pobreza:
978 756 1055 810 ¹mas
1070 755 1137 802 con
1149 734 1231 802 todo
1242 755 1332 817 esso,
1345 753 1408 820 por
1423 732 1456 800 la
1470 731 1601 801 misma

350 852 418 936 ⁸vla
435 849 639 919 sobredicha
654 856 775 939 veneta
791 851 888 921 todas
911 851 1062 939 aquellas
1081 849 1266 930 molestias,
1285 872 1308 936 y
1324 849 1382 916 lue
1397 869 1466 916 vno
1480 848 1525 917 de
1542 849 1600 914 los

363 965 495 1034 buenos
514 967 737 1050 estudianteS,
759 992 782 1056 y
799 975 871 1036 mas
885 967 1064 1056 diligente,
1085 989 1133 1035 no
1152 968 1311 1035 obstante
1330 965 1431 1035 todas
1449 965 1499 1033 las
1513 963 1599 1030 difi-

363 1083 519 1154 cultades
534 1084 578 1154 de
595 1084 676 1152 todo
692 1106 734 1154 su
750 1106 853 1154 curso
868 1106 934 1152 con
950 1095 1044 1152 otras
1058 1086 1214 1151 muchas.

873 1255 1035 1325 CAPUT
1050 1253 1094 1322 ΙΙΙ

362 1367 462 1425 Multa
473 1370 595 1442 patitur
606 1371 749 1452 [gnatius
765 1372 838 1428 drsm
852 1371 963 1428 studiis
980 1371 1035 1426 aar
1048 1373 1170 1444 operam
1191 1367 1356 1442 compluti,
1375 1367 1598 1433 salmanticae,

416 1457 648 1518 Parisiis-Ex
664 1459 771 1517 Gallia
783 1460 817 1516 in
823 1461 966 1534 patriam
975 1460 1065 1525 redit,
1076 1459 1212 1532 corporis
1224 1459 1305 1515 vires
1313 1459 1600 1531 recuperaturum.-

416 1549 587 1606 Sorrs'iatsm
600 1551 736 1624 adeptum,
763 1551 901 1607 Venetios
917 1548 1056 1624 appellit.

430 1669 505 1736 Mas
521 1666 680 1756 primero,
698 1665 846 1735 auiendo
862 1666 1015 1735 acabado
1026 1665 1058 1734 el
1069 1665 1205 1734 estudio
1217 1667 1261 1734 de
1271 1665 1305 1734 la
1315 1659 1540 1760 grammatica
1550 1685 1599 1734 en

365 1783 564 1869 Barpelona,
583 1784 641 1851 lue
656 1788 677 1851 ά
693 1783 812 1853 Aleald
827 1803 912 1870 para
925 1781 1106 1871 proseguir
1120 1783 1173 1850 los
1192 1790 1286 1850 otroe
1300 1779 1448 1863 studios,
1464 1779 1499 1848 lo
1513 1781 1598 1866 qual

363 1915 463 1966 oomo
478 1901 661 1987 procurase
676 1901 720 1969 de
736 1902 852 1983 hazer,
871 1900 956 1967 tubo
971 1909 1085 1967 tantas
1100 1895 1351 1986 occupaciones
1370 1918 1415 1966 en
1430 1896 1481 1965 las
1495 1917 1598 1964 cosas

243 2103 245 2109 Ι
364 2007 569 2102 spirituales,
586 2015 754 2100 haciendo
773 2013 1046 2085 razonamientos
1066 2014 1187 2097 dellas,
1212 2037 1236 2101 y
1255 2011 1398 2100 ploticas
1419 2012 1521 2080 sobre
1544 2011 1598 2079 los

364 2131 634 2201 mandamientos
649 2133 694 2202 de
707 2132 791 2201 Dios
805 2153 829 2219 y
844 2134 888 2199 de
903 2133 937 2200 la
951 2129 1107 2199 doctrina
1121 2129 1319 2213 christiana,
1333 2150 1401 2216 que
1412 2128 1598 2198 declarauu

366 2265 410 2316 en
425 2246 458 2316 el
473 2247 620 2336 hospital
633 2249 747 2316 donde
762 2259 883 2320 estana
902 2251 924 2330 ¹,
942 2257 1039 2316 tanto
1058 2269 1127 2333 que
1151 2248 1184 2315 el
1202 2243 1375 2327 demonio,
1398 2245 1597 2334 prouooado

365 2361 409 2430 de
424 2362 457 2430 la
471 2363 630 2448 embidia,
648 2363 772 2433 viendo
788 2365 935 2452 algunas
954 2358 1086 2432 finimas
1101 2361 1181 2432 salir
1195 2364 1239 2431 de
1254 2361 1407 2451 peccodo
1428 2361 1552 2428 mortal
1572 2383 1597 2448 y

365 2489 458 2548 otras
473 2481 639 2568 ayudarse
655 2503 699 2550 en
714 2482 746 2550 el
766 2479 901 2550 camino
916 2483 961 2551 de
976 2480 1072 2562 Dios,
1090 2482 1123 2549 le
1139 2478 1254 2547 monio
1275 2476 1597 2568 persecupidn;·por

364 2595 399 2663 lo
414 2596 507 2682 qual,
525 2617 564 2664 so
583 2597 676 2665 color
697 2617 765 2684 que
785 2603 864 2700 apta
884 2597 1088 2683 aconsejado
1112 2603 1134 2666 ἐι
1156 2596 1280 2665 eiectas
1303 2614 1465 2682 mugeres
1487 2594 1501 2626 ¹
1524 2614 1595 2680 que

366 2713 486 2781 fuesen
502 2733 546 2780 en
570 2711 828 2801 peregrinacion
849 2719 869 2782 a
889 2714 921 2782 la
941 2712 1112 2782 Verdnica
1133 2713 1177 2780 de
1195 2715 1295 2802 Jaen,
1320 2711 1379 2778 fue
1402 2720 1527 2798 puesto
1550 2731 1596 2778 en

364 2828 476 2914 odrpel
491 2827 640 2917 publica3
657 2830 841 2916 ydespues
852 2829 898 2898 de
909 2851 991 2898 auer
1002 2830 1122 2898 estado
1134 2850 1178 2897 en
1190 2830 1256 2897 ella
1266 2827 1343 2900 diez
1359 2831 1485 2916 yocho
1495 2828 1597 2894 dias⁸

362 2943 534 3014 hablando
549 2944 592 3012 de
604 2943 654 3014 las
666 2966 764 3014 cosas
776 2946 819 3014 de
831 2944 916 3014 Dios
927 2966 992 3013 con
1005 2945 1205 3032 edificacion
1217 2969 1240 3033 y
1251 2947 1409 3032 exemplo
1419 2943 1446 3026 ¹¹,
1461 2964 1596 3031 yexer·

363 3060 449 3146 eicio
464 3083 507 3130 en
523 3081 640 3130 verret
655 3063 687 3129 la
703 3063 825 3148 carpel,
848 3085 871 3149 y
886 3073 979 3130 otras
994 3083 1093 3130 cosas
1112 3062 1330 3148 semejantes,
1353 3062 1385 3130 al
1405 3062 1467 3142 fin,
1488 3059 1544 3126 sin
1564 3057 1598 3125 le

364 3197 420 3246 ser
435 3177 568 3245 hallada
583 3178 683 3266 culpa
699 3180 838 3266 alguna,
856 3177 1119 3250 entreuiniendo
1136 3177 1286 3261 tambieo
1302 3177 1354 3246 los
1369 3173 1598 3262 inquisidores

368 3333 580 3354 μ

417 3436 432 3467 ⁸
470 3433 503 3491 17
515 3418 579 3478 dios
592 3435 609 3476 2
621 3421 716 3493 lrr'sp.,
732 3417 850 3494 {hope
862 3420 966 3478 decem
983 3428 1015 3477 et
1025 3427 1139 3494 septem
1156 3419 1222 3478 dies
1239 3435 1256 3476 2
1273 3422 1343 3489 lot.;
1357 3419 1516 3478 duodecim
1531 3417 1598 3477 dies

366 3525 382 3568 1
395 3511 464 3577 lat„
475 3511 508 3567 s't.
547 3513 598 3556 -b
617 3511 843 3568 Desiderandus*
855 3525 892 3569 10
903 3529 961 3584 seq.
972 3511 1062 3594 verda
1075 3512 1109 3567 in
1121 3525 1155 3582 oy
1168 3509 1275 3584 hisp».

402 3801 404 3806 ,
418 3729 426 3763 ¹
464 3727 613 3802 Compluti
628 3727 682 3784 aad
694 3727 870 3802 hospitalem
884 3745 1045 3802 pauperum
1057 3728 1177 3784 domum
1188 3727 1323 3800 diuertit,
1332 3727 1474 3798 ostiatim,
1485 3743 1524 3782 ex
1537 3742 1596 3781 mo

363 3831 515 3892 reponem
527 3818 557 3876 in
570 3819 681 3876 victum
695 3817 855 3874 mendicat.
872 3817 932 3874 Sed
946 3817 1015 3874 novi
1029 3818 1191 3876 Altoznnae
1204 3815 1376 3874 nosodochii
1388 3815 1555 3872 moderator
1567 3814 1598 3872 id

363 3907 494 3979 grauiter
507 3907 616 3978 ferens,
631 3907 777 3980 Ignatium
790 3907 827 3963 sd
840 3925 872 3963 se
886 3916 1036 3980 vocatum,
1049 3906 1080 3964 in
1093 3907 1304 3964 nosodochium
1322 3923 1409 3963 suum
1422 3903 1594 3978 perduxit».

364 3997 596 4070 murmurum,
616 3999 685 4054 Vita
698 3996 817 4071 ignatii
832 3996 964 4063 Loioloe,
977 3997 1029 4054 lib.
1044 3999 1068 4070 1,
1082 4015 1148 4070 cap.
1164 4010 1207 4069 14.
1226 3996 1358 4053 Priorem
1376 3995 1456 4052 illem
1468 3994 1597 4067 hospita·

363 4088 421 4144 lem
433 4088 564 4157 domum,
578 4087 608 4144 in
620 4102 707 4161 quam
722 4087 866 4158 IgnatiuS,
880 4088 1070 4159 Complutum
1087 4088 1223 4158 veniens,
1236 4104 1304 4143 sese
1317 4091 1482 4160 receperat,
1494 4083 1596 4140 condi·

362 4175 446 4234 derat
457 4177 579 4235 ineunte
592 4179 711 4234 saeculo
723 4178 793 4232 XIV
803 4177 953 4233 Paschalis
963 4177 1066 4249 Perez,
1079 4176 1234 4251 eidemque
1248 4175 1373 4232 inditum
1386 4190 1494 4231 nomeu
1507 4173 1599 4230 «Sen-

362 4273 392 4322 tu
403 4266 493 4323 Maria
502 4266 539 4323 de
550 4268 576 4322 la
586 4267 686 4322 Rica»:
700 4268 824 4322 alterum
835 4266 1034 4323 nosocomium
1045 4265 1213 4322 Ludovicus
1222 4265 1261 4322 de
1271 4259 1425 4322 Antezuoa
1436 4281 1514 4320 enno
1529 4261 1599 4332 1483

362 4353 502 4412 instituit.
520 4354 617 4427 Hujus
635 4364 733 4412 autem
751 4354 912 4410 nosocomii
929 4353 1105 4422 moderator,
1121 4353 1172 4428 qui
1186 4352 1334 4426 Ignatium
1352 4352 1390 4409 ad
1411 4369 1445 4409 se
1467 4344 1598 4421 vocavit,

364 4443 473 4518 Lopius
490 4445 573 4500 Deza
589 4446 760 4513 vocabatur,
774 4453 856 4518 pater
870 4443 1015 4518 Alphonsi
1031 4445 1143 4515 Deme,
1157 4443 1247 4500 futuri
1265 4441 1479 4516 complutensis
1495 4441 1599 4498 eosde-

364 4533 440 4592 mlae
456 4532 584 4592 doctoris
602 4552 619 4590 e
636 4534 786 4590 Societate
799 4536 885 4607 Jesu.
902 4535 1016 4605 Coum,
1032 4533 1076 4590 Lo
1091 4533 1139 4590 uie
1155 4535 1192 4591 de
1208 4534 1292 4590 seint
1304 4533 1427 4608 ignoce,
1444 4547 1514 4605 pag.
1534 4543 1598 4602 115

374 4624 500 4696 Azstls,
512 4623 696 4681 Historia...
713 4626 750 4680 de
763 4624 873 4680 Alcalo
890 4625 926 4681 de
939 4625 1090 4693 Hermes,
1103 4629 1124 4680 t.
1139 4623 1164 4697 1,
1178 4639 1246 4698 pag.
1261 4623 1326 4694 446.

418 4717 429 4752 ³
466 4714 543 4776 Vide
556 4730 655 4791 supra,
668 4731 736 4792 pag.
750 4727 797 4788 72,
810 4732 839 4770 n.
859 4713 905 4773 60.
945 4739 948 4745 ·
