3500 5367
567 465 679 523 Causa
698 466 925 522 Ecrstasarrae
943 466 1053 523 Rosrm
1336 468 1390 538 655

188 618 312 685 cunias
328 631 363 685 et
378 620 505 685 mulam
522 618 586 685 sibi
604 619 737 686 oblatas
753 630 788 687 et
804 630 918 687 cetera
935 629 1036 705 prout
1054 618 1090 686 in
1105 640 1160 703 eo,
1178 616 1354 706 respo'ndit
1368 644 1424 689 ar-

190 732 334 800 ticulum
349 756 482 817 uerum;
502 734 581 821 quia
598 756 677 800 cum
694 733 841 820 ipsomet
858 745 946 803 teste
962 735 1036 822 ipsa
1051 734 1228 804 Hisabella
1239 735 1367 822 pluries
1382 738 1425 805 de

187 850 367 935 praemisis
388 861 575 936 conquesta
603 850 679 931 fuit,
709 850 879 931 videlicet,
910 873 1014 937 super
1040 850 1229 938 peccuniis.
1252 854 1305 919 De
1332 853 1424 919 mula

187 976 306 1033 autem
322 987 393 1032 non
408 967 619 1035 recordatur.

255 1083 352 1159 Item,
371 1081 604 1169 interrogatus
621 1103 681 1168 per
697 1081 872 1150 dominum
895 1081 968 1167 ipse
989 1082 1142 1149 Didacus
1166 1082 1264 1150 testis
1284 1104 1330 1149 an
1347 1102 1425 1151 cre·

184 1198 246 1263 dat
262 1207 297 1263 et
313 1196 455 1264 firmiter
472 1208 587 1266 teneat
611 1198 704 1283 quod
724 1218 873 1283 expense
896 1198 985 1263 facte
1000 1217 1061 1284 per
1081 1197 1289 1267 Societatem
1310 1197 1421 1266 eidem

184 1311 325 1380 domine
342 1311 518 1381 Hisabelle
539 1322 574 1379 et
601 1314 673 1379 suis
696 1314 887 1380 ascendant
910 1312 954 1378 ad
977 1333 1147 1379 summam
1168 1325 1366 1380 contentam
1387 1314 1422 1380 in

185 1430 320 1507 cedula,
341 1439 378 1493 ut
394 1449 510 1515 supra,
526 1450 586 1515 per
602 1450 657 1497 me
672 1429 809 1515 signata
823 1429 850 1494 Ι.
871 1431 911 1494 Β.
930 1426 958 1497 h.
977 1428 1179 1514 Respondit:
1195 1430 1252 1495 «lo
1267 1431 1371 1497 credo
1387 1442 1423 1497 et

187 1555 295 1627 tengo
311 1554 407 1611 certo
424 1546 488 1611 che
504 1544 536 1644 le
552 1565 664 1635 spese,
681 1546 748 1611 che
764 1565 849 1610 sono
865 1554 955 1610 state
970 1544 1055 1610 satte
1069 1563 1131 1629 per
1146 1544 1179 1611 la
1200 1543 1340 1631 signora
1356 1544 1423 1612 Hi—

187 1658 318 1725 sabella
334 1658 423 1725 dalla
440 1658 666 1745 Compagnia,
684 1663 849 1727 montano
866 1681 886 1725 a
903 1660 1016 1745 quello
1031 1662 1096 1727 che
1112 1658 1140 1727 si
1157 1659 1317 1728 contiene
1332 1661 1422 1727 nella

187 1773 313 1840 cedula
328 1786 363 1841 et
379 1796 399 1839 a
415 1774 521 1840 molto
537 1774 608 1859 piu,
627 1774 753 1860 perche
769 1773 803 1840 in
821 1776 902 1860 quel
918 1786 1032 1861 tempo
1043 1775 1081 1859 la
1093 1776 1202 1841 robba
1212 1785 1248 1841 et
1264 1774 1287 1841 il
1302 1776 1422 1842 uiuere

186 1910 247 1956 era
263 1890 369 1954 molto
385 1910 476 1968 caro,
495 1900 531 1955 et
547 1889 604 1955 noi
621 1889 671 1976 gli
687 1890 864 1958 faeeuamo
881 1911 1016 1975 sempre
1032 1892 1149 1957 buona
1164 1890 1269 1958 vita.»

256 2005 294 2069 ln
320 2026 465 2089 quorum
493 2004 645 2071 omnium
673 2016 708 2073 et
731 2005 947 2091 singulorum
975 2006 1094 2088 fidem,
1124 1999 1159 2074 et
1187 2006 1420 2074 testimonium

187 2120 469 2207 praemissorum,
502 2132 697 2206 presentem
733 2120 781 2186 ad·
807 2120 1004 2189 instantiam
1035 2132 1070 2188 et
1105 2119 1306 2207 petitionem
1336 2120 1421 2188 dieti

187 2236 270 2303 Dni.
288 2234 426 2321 ignatii,
445 2233 557 2304 dictae
573 2234 755 2305 Societatis
771 2235 947 2323 prepositi,
965 2236 1153 2322 subscripsi
1168 2235 1176 2276 ἱ
1196 2236 1251 2303 die
1267 2237 1421 2313 secunda

188 2351 316 2417 mensis
333 2349 461 2436 Aprilis
482 2365 578 2434 15473
597 2348 756 2436 illamque
772 2350 837 2417 sibi
853 2353 944 2416 Dno.
960 2350 1093 2433 Ignatio
1105 2351 1148 2419 de
1164 2352 1325 2418 mandato
1336 2350 1420 2418 dicti

185 2466 318 2533 domini
333 2464 598 2533 locumtenentis
614 2465 692 2534 dedi
709 2480 743 2534 et
759 2464 963 2552 consignaui
984 2465 1033 2533 1.⁰
1048 2467 1180 2536 Romae
1195 2465 1218 2534 ⁵.

251 2584 306 2669 Jo.
328 2584 412 2667 Bap.
431 2580 596 2647 notarius.
617 2582 684 2647 Pro
699 2579 837 2647 domino
859 2579 1060 2648 Hieronimo
1085 2581 1102 2621 ¹¹
1124 2581 1274 2670 Justino,
1302 2559 1419 2648 notb.⁶

183 2699 361 2784 Johannes
376 2695 559 2782 BarginuS,
578 2696 731 2764 notarius
747 2710 814 2765 act.
864 2766 866 2769 .

255 2812 366 2880 Manu
384 2814 431 2880 P.
449 2812 596 2877 Polanci
611 2814 649 2877 in
665 2823 720 2894 4.⁰
735 2815 886 2899 pagina.
904 2811 1111 2882 Sententias.

254 2928 337 2993 Alia
369 2949 486 2995 manu.
518 2926 697 2997 Sententia
729 2928 931 3014 ingratiam
964 2929 1001 2996 S.
1035 2927 1160 3015 Ignatii
1176 2939 1226 2996 et
1257 2929 1422 2997 Isabellae

189 3046 297 3110 Roser
313 3042 332 3109 ¹.
361 3074 363 3081 >

780 3192 831 3269 55

262 3320 560 3389 srrsnunrnn
579 3286 736 3388 'nosen
758 3320 950 3388 barsan
975 3318 1350 3389 Accusnrronan

388 3430 546 3503 'conrnn
570 3456 818 3504 oouausccuu
844 3454 1008 3503 srnnsnu
1031 3454 1172 3517 neuen
1199 3436 1208 3469 ¹

694 3568 783 3666 Joan
806 3580 906 3644 Bosc.

254 3690 365 3790 Cerea
382 3721 415 3787 lo
432 3742 499 3806 que
514 3742 552 3789 se
568 3721 715 3788 hablaua
730 3720 774 3787 de
790 3721 925 3805 aquella
945 3720 1123 3790 confesion
1143 3705 1187 3790 de
1207 3724 1312 3791 Mtr0.
1334 3721 1419 3789 Hie·

188 3836 322 3903 ronimo
344 3838 355 3869 ²
379 3858 401 3923 y
422 3836 518 3904 dela
537 3846 662 3905 seriora
683 3837 791 3902 Roser
812 3846 899 3917 etc,
921 3835 1087 3905 deziendo
1108 3858 1176 3923 que
1196 3859 1242 3904 no
1261 3838 1296 3905 la
1319 3839 1420 3905 habia

186 3952 330 4037 querido
346 3952 505 4018 absoluer
520 3972 652 4038 porque
668 3972 714 4017 no
729 3955 847 4036 queria
868 3952 973 4019 dexar
988 3958 1009 4018 a
1023 3951 1057 4019 la
1073 3974 1153 4021 casa
1172 3976 1214 4021 su
1237 3951 1417 4032 hazienda‚

239 4157 254 4197 h
292 4156 325 4210 .1.
345 4157 364 4211 b
382 4173 452 4221 ms.;
469 4156 498 4227 J.
519 4154 555 4210 V.
575 4155 665 4211 altar.
705 4155 748 4197 -ἱ
767 4154 929 4228 subscripsi
948 4156 1060 4212 Romae
1078 4157 1168 4213 alter.
1208 4156 1251 4209 —i
1270 4157 1362 4214 Deest
1381 4158 1420 4213 1.⁰

184 4244 296 4300 Romae
309 4244 341 4298 in
356 4245 483 4301 salter.»
521 4247 572 4288 -k
591 4244 648 4299 Pro
661 4243 781 4300 domino
790 4246 931 4300 Hubonio
943 4246 1033 4301 ulter.
1070 4247 1115 4287 ..t
1134 4246 1171 4301 In
1183 4248 1281 4302 altero
1293 4248 1419 4303 archen:

186 4336 233 4389 De
250 4334 370 4405 negotio
388 4343 419 4390 et
437 4334 572 4391 molestia
590 4334 621 4393 S.
642 4334 759 4405 Ignatio
772 4334 905 4389 exhibita
923 4343 1043 4407 propter
1060 4336 1217 4392 isabellam
1234 4336 1339 4409 Roser‚
1352 4354 1419 4393 cum

185 4424 357 4479 testimonio
370 4422 408 4478 de
420 4422 568 4495 probitate
583 4423 616 4478 S.
635 4422 752 4495 Ignatii.

239 4577 247 4608 ¹
286 4578 329 4631 Ex
343 4577 405 4631 cod.
423 4576 509 4631 Rom.
527 4576 553 4641 I,
567 4594 600 4631 n.
619 4575 710 4648 LXX,
724 4576 938 4649 autographum
951 4575 983 4631 S.
997 4578 1118 4649 Ignatii.

237 4668 249 4699 ²
287 4666 321 4720 P.
336 4665 536 4738 Hieronymus
549 4666 765 4725 Domeneccus.
