3500 5367
1126 8 1699 209 ''-

387 548 441 605 772
768 539 977 595 Mouuuuurs
996 540 1177 596 Iouamarm

350 688 966 763 Hunao-vmnra.-Comp1ementosa
980 694 1008 748 la
1020 692 1092 747 obre
1110 690 1148 747 de
1166 690 1421 763 Averiguacioues
1433 692 1579 750 Cantihri·

402 796 453 835 cas
466 784 483 835 ό
497 779 671 851 lgnacisnas
689 780 737 835 del
756 780 789 836 P.
810 779 933 836 Gabriel
951 780 989 836 de
1008 782 1114 837 Henao
1133 780 1171 837 de
1195 783 1222 837 la
1239 780 1458 867 Compalliade
1479 784 1576 855 Jesris.

405 870 510 925 Nueva
522 868 639 925 edicidn
651 869 691 925 de
704 871 748 925 las
761 868 858 928 Obras
871 870 1058 927 Castellauas
1070 870 1118 927 del
1137 871 1171 925 P.
1188 872 1303 943 Henao,
1317 872 1466 944 corregida
1482 889 1537 945 por
1548 874 1580 928 el

403 958 437 1013 P.
451 959 563 1030 lliguei
577 959 697 1015 Villalta
709 958 748 1014 de
767 961 811 1015 iss
823 960 966 1016 Escuelas
979 961 1058 1016 Piae.
1072 960 1195 1033 Tolosa,
1210 960 1288 1031 1895.

351 1036 629 1115 asscensorem,
649 1048 980 1119 Josephus.-Historia
996 1048 1034 1105 de
1048 1050 1074 1105 la
1093 1049 1202 1121 Iglesia
1219 1066 1271 1122 por
1289 1050 1322 1107 S.
1346 1052 1381 1106 E.
1399 1050 1426 1107 el
1443 1050 1578 1107 cardensl

403 1138 638 1209 Hergenrother,
652 1137 805 1193 traducida
822 1140 849 1193 al
862 1140 1025 1195 castellano
1039 1154 1092 1211 por
1111 1140 1178 1195 Don
1195 1140 1353 1196 Francisco
1371 1142 1444 1196 Dian
1460 1139 1575 1197 Curmo-

403 1244 456 1298 na,
481 1227 549 1282 Dou
573 1227 731 1283 Francisco
753 1227 861 1283 Garcia
887 1228 991 1301 llyuso
1014 1246 1035 1300 y
1060 1231 1127 1285 Dou
1152 1228 1303 1285 Eberardo
1325 1230 1431 1301 Vogel.
1455 1228 1576 1297 lindrid,

406 1314 571 1385 1883-1889.

350 1406 522 1463 institutum
534 1404 694 1462 Societatis
711 1406 791 1463 Iesu.
810 1407 959 1463 Volumeu
980 1407 1118 1479 primum.
1141 1406 1303 1464 Bullarium
1324 1416 1357 1464 et
1377 1406 1575 1481 compendium

405 1496 635 1567 privilegiorum.
650 1495 828 1568 Florentiae,
851 1495 931 1565 1892.

348 1589 539 1658 Juvsrscrus,
554 1586 714 1657 josephus,
726 1584 758 1645 S.
783 1583 1002 1656 J.-Historiae
1024 1584 1183 1641 Societatis
1196 1586 1269 1657 Jesu
1282 1602 1349 1659 pars
1370 1586 1500 1659 quinta...
1514 1586 1573 1641 Au·

401 1685 483 1731 ctore
497 1674 784 1747 JosephoJuvencio
794 1674 953 1730 Societatis
965 1673 1099 1746 ejusdem
1114 1674 1284 1732 Sacerdote.
1299 1676 1422 1745 Romae,
1433 1674 1571 1731 MDCCX.

348 1765 392 1820 Ls
407 1764 551 1833 Furtum,
565 1762 742 1819 Vincentius
754 1760 974 1821 ‹le-Historia
985 1761 1024 1817 de
1034 1765 1077 1818 las
1088 1762 1332 1834 Universidades‚
1345 1762 1481 1835 Colegios
1492 1780 1510 1835 y
1522 1762 1569 1818 de·

400 1858 464 1910 mas
484 1851 757 1908 establecimieutos
779 1849 816 1906 de
838 1856 1006 1907 ensefianza
1026 1868 1063 1907 en
1077 1852 1205 1925 Espaha,
1229 1869 1281 1925 por
1298 1854 1335 1909 D.
1357 1853 1480 1909 Vicente
1495 1852 1529 1907 de
1542 1854 1569 1908 la

402 1944 528 1998 Fueute.
543 1940 666 2009 Madrid,
681 1939 846 2010 1884·1889.

348 2033 532 2103 LsucrcruS,
547 2031 699 2101 Nicolaus,
721 2030 752 2085 S.
771 2030 877 2100 J.-V.
897 2030 930 2085 P.
951 2029 1065 2085 Nicolai
1084 2030 1215 2087 Lancicii
1233 2049 1250 2087 e
1270 2030 1420 2089 societate
1437 2032 1511 2103 Jesu.
1525 2032 1568 2085 De

400 2121 579 2193 praestantia
592 2118 722 2175 Instituti
735 2118 894 2175 Societatis
909 2120 992 2190 Jesu.
1006 2118 1106 2173 Editio
1118 2137 1224 2176 recens
1241 2120 1398 2177 emendata
1414 2136 1497 2193 opera
1511 2122 1566 2175 Au·

399 2210 513 2281 gustini
527 2208 623 2263 Arndt
636 2208 668 2263 S.
683 2208 712 2279 J.
727 2205 903 2278 Cracoviac,
922 2205 1002 2278 1890.

348 2301 508 2364 canossa,
522 2298 659 2369 Michael,
673 2298 704 2354 S.
719 2299 748 2368 J.
759 2296 918 2352 -Histoire
926 2295 964 2352 de
978 2297 1037 2352 San
1048 2297 1156 2367 lgnace
1167 2296 1204 2353 de
1215 2298 1327 2371 Loyola
1338 2298 1369 2354 d'
1380 2299 1462 2371 apres
1474 2300 1512 2353 les
1520 2296 1564 2353 do

398 2396 534 2444 cuments
546 2388 702 2455 originum
715 2404 767 2459 par
780 2389 808 2442 le
818 2377 855 2441 P.
870 2386 976 2442 Daniel
990 2386 1102 2441 Bartoli
1119 2385 1157 2442 de
1180 2389 1208 2443 la
1229 2388 1413 2459 Compaguie
1429 2388 1464 2443 de
1476 2388 1562 2457 Jesus.

398 2476 578 2533 Traductiou
592 2493 695 2545 revue,
707 2478 887 2547 completee,
900 2478 1027 2531 annotee
1041 2482 1072 2530 et
1084 2476 1215 2532 enrichie
1227 2476 1265 2531 de
1278 2475 1452 2533 documents
1468 2474 1563 2531 inedits

402 2583 454 2638 par
467 2566 495 2620 le
509 2565 542 2621 P.
558 2564 593 2619 L.
607 2564 727 2634 Michel,
741 2562 773 2619 S.
788 2564 829 2634 J.,
842 2564 967 2633 Bruges,
987 2560 1066 2631 1893.

346 2641 508 2725 LrooittUS,
523 2653 605 2709 Stus.
625 2650 1007 2725 Alphonsus.-Thcologia
1028 2652 1145 2707 moralis
1162 2651 1360 2708 Illustrissimi
1378 2670 1412 2709 ac
1433 2654 1564 2707 Reveren—

400 2742 560 2800 dissimiD.
573 2741 717 2814 Alphonsi
730 2740 767 2796 de
781 2741 899 2807 Ligorio
913 2739 1046 2812 episcopi
1060 2740 1091 2796 S.
1108 2740 1243 2813 Agathae
1258 2742 1423 2797 Gothorum
1441 2750 1469 2797 et
1485 2749 1562 2796 recto

400 2834 440 2889 ris
453 2830 571 2904 majoris
588 2829 837 2901 Congregationis
854 2828 910 2885 SS.
929 2828 1147 2901 Redemptoris.
1168 2829 1266 2885 Editio
1279 2831 1405 2903 septima
1427 2830 1563 2886 absolutis

400 2923 486 2980 sima.
501 2916 635 2992 Bassani,
650 2918 898 2976 MDCCLXXIII.

346 3014 498 3083 meus,
512 3010 648 3079 Carolus,
664 3010 695 3065 S.
715 3010 884 3081 J.-Imago
901 3008 1140 3065 absolutissimae
1158 3008 1287 3079 virtutis,
1308 3026 1455 3083 veraeque
1472 3007 1563 3065 sancti·

401 3101 528 3172 moniae,
542 3099 643 3155 verbis
655 3108 687 3155 et
699 3099 845 3170 exemplis
858 3097 890 3153 S.
904 3098 939 3153 P.
954 3096 1061 3169 Ignatii
1074 3096 1112 3152 de
1127 3096 1237 3170 Loyola
1250 3097 1410 3154 Societatis
1420 3100 1489 3169 Jesu
1500 3098 1562 3152 Fun·

400 3189 510 3247 datoris
523 3188 688 3246 Clarissimi
705 3204 855 3260 expressa,
870 3186 990 3265 lucique
1003 3186 1152 3259 publicae,
1170 3196 1259 3259 atquc
1276 3186 1433 3244 imitationi
1450 3184 1561 3260 proposi·

402 3290 460 3335 tua
478 3278 655 3335 Reverendo
672 3278 759 3333 Patre
776 3276 884 3332 Carolo
909 3275 1004 3331 Linelr
1026 3292 1044 3330 e
1063 3274 1215 3331 Societate
1234 3276 1307 3347 Jesu
1329 3276 1496 3333 Sacerdote.
1508 3274 1563 3330 Pra-

424 3387 471 3436 ae,
488 3380 568 3438 17155.

349 3388 478 3531 ungor,
493 3459 609 3513 Marcus
621 3457 668 3527 de,
684 3454 722 3513 Ο.
737 3454 769 3510 8.
783 3453 987 3512 F.-Primera
999 3462 1083 3526 parte
1094 3453 1131 3509 de
1144 3455 1187 3509 las
1205 3453 1369 3511 Chronicas
1381 3453 1419 3509 de
1436 3456 1462 3509 la
1478 3450 1563 3512 Ordeu

399 3548 437 3604 de
448 3550 492 3604 los
503 3548 625 3619 Fraylcs
638 3562 775 3601 memores
784 3542 833 3599 del
843 3542 998 3615 seraphico
1009 3542 1099 3615 padre
1113 3553 1179 3598 sant
1189 3544 1350 3600 Fraucisco
1359 3561 1395 3599 su
1405 3540 1563 3614 iustituydor

398 3636 559 3710 yprimero
572 3634 709 3690 ministro
719 3634 876 3704 general...
896 3631 1104 3687 Nueuameute
1126 3629 1260 3704 copilada
1279 3650 1299 3704 y
1320 3632 1466 3688 ordenada
1482 3630 1516 3686 de
1531 3630 1567 3685 los

399 3726 538 3797 antiguos
551 3724 675 3797 librosy
691 3722 876 3777 memoriales
899 3720 984 3776 dela
1006 3719 1098 3775 orden
1121 3736 1173 3793 por
1195 3720 1260 3793 irsy
1282 3722 1398 3777 Marcus
1415 3721 1452 3777 de
1465 3720 1567 3785 lisboa,

398 3815 493 3888 iraylc
507 3830 610 3870 meuor
621 3812 660 3867 de
674 3814 700 3868 la
714 3809 865 3883 prouincia
877 3808 915 3865 de
929 3810 1081 3880 Portugal,
1095 3828 1115 3881 y
1134 3809 1288 3865 traduzida
1310 3827 1348 3866 en
1362 3812 1467 3882 leugua
1479 3810 1564 3866 Ceste

398 3907 439 3961 lla
462 3904 535 3976 (sic)
558 3921 611 3976 por
631 3902 695 3974 iray
718 3901 814 3971 Diego
836 3900 981 3970 Navarro,
1001 3898 1151 3971 professor
1172 3898 1210 3953 de
1231 3900 1258 3955 la
1272 3900 1378 3955 misma
1399 3898 1486 3955 orden
1501 3896 1566 3951 dela
1674 3926 1675 3929 =

398 3995 550 4069 prouincia
562 3993 600 4049 de
614 3992 771 4049 Castilla...
788 3992 890 4046 Alcald
902 3989 940 4044 de
954 3990 1099 4061 Honores,
1115 3989 1336 4045 M.D.LXVlll.

346 4087 477 4142 Litterae
486 4083 727 4156 Quadrimestres
737 4098 775 4137 ex
785 4078 934 4135 universis
941 4088 1058 4151 praeter
1069 4078 1183 4134 Indiam
1194 4078 1387 4135 etBrasiliam
1398 4079 1468 4135 locis
1478 4077 1505 4133 lu
1513 4072 1564 4149 qui

399 4177 457 4232 bus
468 4175 560 4247 aliqui
573 4173 610 4227 de
625 4170 774 4227 Societate
793 4171 867 4240 Jesu
880 4170 1077 4224 versabantur
1092 4168 1215 4223 Romam
1231 4166 1355 4224 missae.
1364 4168 1566 4237 (Mortuum

402 4275 574 4321 msromca
588 4261 620 4316 S.
635 4262 679 4333 J.)
692 4258 814 4327 Matriti,
836 4256 1000 4328 1894-1897.

348 4356 492 4422 Lorots,
506 4353 537 4409 S.
548 4351 681 4424 ignatius
695 4349 887 4405 de.-Cartas
900 4347 937 4402 dc
948 4346 1008 4402 San
1022 4346 1142 4417 lgnacio
1155 4346 1193 4402 de
1207 4347 1319 4418 Loyola
1332 4347 1485 4404 Fundador
1500 4343 1532 4399 de
1545 4343 1566 4395 la

400 4444 563 4518 Componis
575 4442 613 4497 de
627 4442 726 4511 Jesirs.
741 4437 867 4509 Madrid,
877 4435 1456 4494 MoccCLxmvmocchxxxlil.

348 4538 475 4606 lisooz,
492 4530 654 4587 Paschalis.
664 4527 886 4583 -Diccionario
897 4524 1408 4597 geogrsfico·amolmico-historico
1419 4525 1457 4582 de
1468 4526 1566 4597 Espala

400 4642 421 4698 y
434 4641 486 4679 sus
498 4622 672 4696 posesiones
685 4619 722 4674 de
736 4619 895 4681 Ultramar,
910 4633 963 4688 por
976 4616 1099 4671 Pascual
1114 4614 1229 4673 Madoz.
1242 4615 1370 4686 Madrid,
1387 4614 1538 4687 18454850.

349 4716 527 4783 MarrsJUS,
543 4713 673 4782 joannes
686 4709 804 4777 Petrus,
819 4707 852 4761 S.
871 4706 986 4777 J.-De
1000 4704 1061 4761 vits
1074 4714 1105 4761 et
1119 4704 1249 4761 moribus
1263 4704 1372 4777 Ignatii
1386 4706 1510 4770 Loiolae,
1524 4698 1565 4773 qvi
