3500 5367
383 464 566 520 Dtcrnurnn
585 463 617 519 S.
637 464 760 519 Isunrn
779 475 800 518 n
820 462 853 518 Ρ.
875 464 1031 520 Lnucrcro
1050 476 1216 520 conuecta
1326 478 1381 535 479

171 612 262 699 bus,
293 616 382 682 sicut
409 618 504 684 nullo
530 616 693 703 peculiari
720 615 840 684 habitu
867 618 912 682 ab
931 614 1238 685 ‘aliis'differimus
1265 620 1416 685 Putabat

171 732 275 799 enim
292 753 440 817 aequum
458 734 531 801 sore
553 744 603 812 ut,
626 733 740 799 oblata
762 731 930 800 sermonis
949 732 1090 800 materia
1111 734 1156 800 de
1174 732 1290 818 aliquo
1308 754 1328 800 e
1348 710 1415 802 So·

170 847 320 928 cietate,
338 848 522 917 diceretur:
540 843 630 915 vnus
645 870 665 915 e
680 846 819 929 nostriS,
839 848 894 913 uel
912 869 1001 913 vnus
1015 870 1036 913 e
1052 846 1237 928 societate,
1257 849 1313 915 uel
1325 870 1417 915 vnus

175 964 355 1043 sacerdos,
373 966 430 1030 uel
446 985 535 1030 vnus
551 964 669 1045 laicus;
689 963 836 1029 maxime
853 983 934 1030 vero
950 964 1026 1032 siue
1042 962 1180 1031 nomine
1194 960 1270 1032 siue
1281 966 1414 1050 cogito-

176 1068 276 1169 mine
291 1078 403 1164 quivis
419 1080 659 1166 appellaretur,
677 1080 772 1146 nulla
793 1078 858 1146 alia
879 1100 916 1145 re
935 1079 1063 1146 addita:
1085 1080 1176 1145 solos
1197 1086 1330 1147 tantum
1352 1102 1414 1145 su-

175 1194 335 1281 periores
356 1196 497 1262 Patrum
520 1194 682 1282 appellari
703 1194 840 1263 nomine
861 1197 1010 1276 volebat;
1036 1196 1130 1280 quod
1151 1194 1254 1263 etiam
1277 1195 1415 1281 propria

178 1312 261 1396 lege
283 1310 362 1378 data
382 1310 598 1379 retinendum
618 1311 750 1378 statuit.
774 1311 866 1377 Hinc
888 1320 1053 1397 perpetuo
1070 1310 1282 1377 consuetudo
1297 1332 1414 1377 mana·

177 1431 245 1505 vit,
278 1437 315 1492 ut
343 1426 514 1513 generalis
540 1439 658 1495 noster
683 1424 899 1513 praepositus
926 1436 961 1493 et
988 1428 1118 1494 Romae
1144 1434 1179 1493 et
1201 1424 1283 1493 alibi
1311 1428 1417 1494 Pater

178 1552 301 1611 noster
316 1544 557 1629 appellaretur.

251 1661 357 1739 Dum,
376 1658 468 1742 quod
486 1658 583 1725 facile
595 1659 818 1737 concedebat,
834 1657 960 1723 mensis
972 1656 1121 1724 virorum
1133 1658 1317 1725 illustrium
1329 1680 1416 1725 con·

176 1774 336 1860 tingeret
352 1786 489 1841 nostros
505 1776 720 1857 accumbere,
738 1774 876 1842 dicebat
891 1795 961 1840 non
977 1796 1053 1842 esse
1068 1773 1269 1844 iniiciendos
1283 1796 1415 1843 sermo-

181 1912 249 1957 nes
264 1892 309 1957 de
326 1888 460 1976 magnis
476 1890 637 1975 negotiis,
656 1890 717 1958 sed
734 1890 784 1977 (ut
803 1890 1002 1957 sonnalibus
1016 1890 1092 1957 eius
1112 1890 1228 1957 uerbis
1243 1892 1330 1974 utar)
1352 1892 1415 1956 bo·

173 2026 247 2071 nos
264 2018 300 2073 et
319 1996 450 2085 faciles,
469 2015 504 2073 et
519 2004 665 2091 exiguae
685 2000 950 2091 occupationisd
969 2004 1085 2071 animi.

252 2120 408 2207 Optabat
422 2132 462 2187 ut
476 2122 519 2187 ad
535 2120 646 2189 officia
662 2119 809 2207 pietatis,
825 2120 980 2186 diuinum
991 2120 1196 2205 obsequium
1209 2128 1417 2206 promouen-

176 2236 242 2317 tia,
261 2236 407 2304 internis
423 2234 537 2323 potius
553 2258 655 2321 quam
672 2236 823 2303 externis
839 2221 977 2302 motiuis
992 2235 1260 2323 impellerentur,
1279 2236 1357 2305 ideo
1371 2237 1416 2302 ad

179 2353 412 2437 persoluenda
429 2352 508 2419 talia
524 2352 664 2420 minime
677 2354 829 2417 humana
841 2362 875 2419 et
887 2350 1080 2419 extrinseca
1092 2351 1203 2420 media
1214 2351 1413 2431 adhibebat,

175 2469 276 2551 quod
297 2470 362 2534 hac
383 2467 515 2536 ratione
535 2479 696 2553 suscepta
724 2490 744 2533 a
770 2466 870 2533 nobis
897 2488 1000 2553 opera
1027 2481 1143 2535 essent
1166 2466 1358 2535 voluntaria
1381 2480 1416 2535 et

179 2584 413 2651 retinerentur
429 2584 652 2649 constantius.

251 2699 422 2784 Quamuis
439 2721 565 2785 magna
582 2698 744 2785 patientia
760 2699 895 2767 audiret
909 2697 1168 2796 impertinentes
1187 2698 1415 2764 saecularium
1529 2714 1533 2720 ·

173 2836 372 2897 sermoneS,
391 2817 472 2907 dum
490 2837 550 2883 eos
565 2814 728 2901 impedire
745 2836 814 2881 non
829 2827 959 2901 posset,
973 2816 1062 2883 serre
1075 2826 1190 2880 tamen
1202 2836 1271 2880 non
1283 2824 1416 2899 poterat

177 2941 216 2996 et
239 2942 374 2997 nostros
397 2942 431 2999 et
452 2945 625 3011 externos
648 2926 741 3010 dum,
767 2928 994 3016 uelutileges
1014 2940 1049 2996 et
1070 2930 1208 2997 oracula
1228 2930 1415 3011 fundendo,

180 3046 421 3131 loquerentur,
446 3047 599 3131 talesque
621 3039 768 3112 uoc‘abat
795 3044 1008 3125 decretistae,
1040 3068 1071 3109 v.
1103 3066 1155 3131 g.,
1185 3046 1267 3110 dum
1295 3044 1418 3127 aliquis

184 3164 273 3229 haec
289 3172 325 3227 et
340 3161 464 3228 similia
480 3160 620 3228 diceret:
640 3182 781 3229 necesse
797 3170 850 3228 est
867 3172 905 3225 ut
922 3163 989 3226 hoc
1008 3161 1064 3227 uel
1080 3159 1163 3226 illud
1183 3160 1254 3240 fiat,
1277 3172 1360 3239 etc,
1382 3171 1417 3227 et

184 3278 241 3344 his
258 3277 386 3343 similes
403 3278 565 3343 formulas
582 3276 690 3342 instar
707 3278 924 3344 decretorum
930 3298 937 3358 ;
956 3276 1104 3360 ideoque
1128 3276 1212 3341 tales
1233 3277 1418 3361 reprehen-

179 3394 290 3461 debat
318 3393 422 3476 domi,
452 3393 645 3461 saeculares
672 3404 786 3458 autem
814 3392 967 3459 modeste
994 3391 1204 3477 corrigebat.
1238 3393 1278 3457 ln
1302 3389 1419 3477 primis
1467 3471 1472 3487 ἱ

184 3478 340 3595 legatum
363 3511 374 3543 ⁵
397 3508 574 3575 cuiusdam
603 3507 777 3593 principis,
808 3528 972 3593 magnum
999 3506 1181 3574 Societatis
1208 3506 1356 3573 anticum
1384 3517 1420 3571 et

184 3624 401 3705 familiarem,
432 3623 491 3709 qui
517 3644 608 3704 cum,
639 3626 684 3689 ad
710 3644 774 3689 nos
797 3622 914 3690 venire
937 3621 1070 3702 solitus,
1096 3621 1132 3687 in
1155 3643 1250 3689 more
1277 3623 1419 3690 haberet

184 3738 313 3807 dicere:
332 3740 474 3809 deberet
491 3760 579 3826 papa
595 3740 662 3805 hoc
675 3739 731 3805 uel
742 3738 826 3805 illud
840 3738 964 3818 facere3
982 3738 1083 3804 talem
1096 3737 1304 3806 cardinalem
1317 3758 1419 3823 opor-

187 3865 275 3923 teret
292 3858 359 3921 hoc
377 3857 432 3923 uel
448 3856 533 3921 illud
548 3855 770 3923 constituere:
793 3854 871 3923 ideo
893 3866 1033 3921 sanctus
1050 3856 1166 3934 Pater,
1184 3864 1223 3918 vt
1244 3876 1323 3921 eum
1346 3852 1420 3919 sine

184 3994 292 4039 sensu
309 3973 518 4053 emendaret,
537 3971 637 4038 simili
649 3956 791 4057 ’quoque
807 3972 911 4036 modo
927 3970 960 4038 ei
979 3971 1221 4054 respondebat,
1243 3970 1420 4038 svadtmdo

183 4089 220 4156 ei
236 4089 295 4154 uel
311 4088 504 4156 reuocando
524 4086 561 4153 in
582 4086 777 4154 memoriam
799 4106 854 4154 res
876 4086 921 4151 ad
942 4084 1017 4153 eius
1036 4084 1244 4171 legationem
1266 4085 1323 4153 uel
1344 4086 1421 4151 offi-

189 4203 283 4270 cium
311 4214 519 4291 spectantes.
553 4202 687 4272 Deinde
718 4212 796 4289 post
826 4201 1015 4270 discessum
1046 4200 1242 4269 domesticis
1270 4199 1419 4269 dicebat:

241 4465 257 4507 d
294 4462 502 4536 occupationes
516 4480 572 4518 ms.
1158 4460 1178 4491 ⁸

244 4691 256 4723 ⁵
292 4689 482 4754 tlternon'ale,
497 4704 564 4761 pag.
580 4700 641 4758 254,
657 4705 686 4742 n.
702 4701 765 4757 204.
