3500 5367
358 454 393 524 34
738 444 944 512 Mouuueurn
965 458 1146 512 lounrrnun

320 609 383 675 dre
398 610 457 674 fue
472 606 652 673 difiriendo
668 609 701 674 la
716 628 797 674 cosa
809 610 911 675 hasta
927 630 996 693 que
1011 608 1156 678 hubiese
1170 631 1270 696 papa,
1288 611 1321 676 el
1342 611 1433 691 cual,
1455 632 1559 677 como

320 724 352 792 le
368 726 475 813 hubo,
492 725 598 810 luego
614 723 765 791 tambien
782 725 937 791 enfermo
952 746 975 809 y
991 724 1103 791 murto
1118 729 1198 811 (que
1220 725 1278 793 fue
1299 726 1485 812 Marcello).
1513 728 1557 793 El

319 841 431 906 Padre
447 839 553 906 dilato
568 843 666 906 hasta
682 840 714 907 la
730 838 887 907 creacidn
903 840 960 905 del
976 862 1064 929 papa
1081 842 1191 907 Paulo
1205 840 1272 924 4⁰3
1290 863 1313 926 y
1328 842 1553 928 despuescon

318 957 370 1023 los
387 957 533 1022 muchos
549 958 679 1022 calores
695 978 718 1041 y
733 957 784 1021 las
800 957 946 1021 mucbas
961 956 1203 1041 ocupaciones
1222 956 1369 1042 siempre
1383 954 1421 1023 se
1433 958 1480 1023 ba
1491 957 1548 1023 de·

318 1071 435 1139 tenido
451 1074 550 1137 hasta
566 1089 608 1137 22
633 1072 676 1139 de
701 1070 894 1139 Setiembre
917 1072 944 1150 ³,
969 1093 1038 1156 que
1061 1092 1099 1139 se
1123 1078 1289 1139 comenzd
1311 1072 1356 1139 de
1378 1082 1487 1138 tratar
1509 1074 1554 1139 de

317 1188 515 1255 mandarme
531 1193 551 1253 ά
567 1188 716 1272 Espafra,
735 1207 798 1271 por
812 1187 846 1251 lo
862 1187 941 1252 cual
956 1207 1001 1271 yo
1017 1191 1135 1271 aprete
1151 1188 1278 1253 mucbo
1295 1188 1329 1253 al
1350 1187 1462 1253 Padre
1485 1208 1555 1271 que

316 1301 504 1388 cumpliese
520 1303 553 1369 lo
570 1321 645 1401 quel
653 1324 707 1369 me
723 1304 825 1369 habia
841 1300 1044 1391 prometid03
1062 1324 1085 1387 y
1100 1308 1149 1368 asi
1167 1302 1331 1371 ordenolo
1346 1304 1455 1369 ahora
1470 1326 1554 1389 para

316 1420 368 1485 los
385 1437 427 1485 22
444 1425 464 1485 ά
479 1420 511 1485 la
527 1428 674 1485 mairana
689 1441 733 1485 en
754 1420 787 1484 la
808 1420 916 1486 Torre
936 1418 1022 1503 Roja
1038 1420 1063 1498 ⁴;
1088 1440 1112 1503 y
1134 1424 1220 1498 ansi,
1238 1419 1414 1485 acabando
1438 1440 1484 1504 yo
1506 1420 1553 1487 de

315 1534 411 1602 decir
428 1534 543 1602 Misite

385 1670 417 1733 5.
466 1649 654 1736 Respondit
670 1648 765 1729 mihi,
788 1660 826 1714 ut
847 1649 944 1729 irem,
967 1672 1006 1716 se
1026 1660 1287 1745 exspectaturus
1302 1650 1339 1715 in
1363 1650 1449 1716 turri
1473 1653 1545 1717 Ru-

315 1766 389 1847 bra,
408 1775 448 1830 ut
464 1765 602 1849 quando
626 1765 752 1831 ibidem
776 1766 924 1844 adesset,
950 1767 1105 1837 adessem
1130 1777 1165 1832 et
1188 1786 1266 1851 ego,
1294 1765 1461 1847 Intellexi,
1486 1765 1547 1831 diu

315 1881 399 1947 mihi
415 1880 485 1946 illic
500 1882 769 1967 exspectandum
785 1902 874 1962 esse;
889 1883 1042 1966 dumque
1057 1880 1094 1946 in
1110 1880 1243 1967 porticu
1256 1882 1404 1967 quadam
1416 1903 1472 1948 me
1483 1883 1546 1950 de-

313 1996 458 2064 tinerem
475 2018 554 2061 cum
570 1995 684 2081 aliquo
701 1998 819 2077 fratre,
837 1996 969 2082 negotii
985 1995 1158 2081 quidpiam
1175 2018 1196 2063 a
1210 2018 1266 2062 me
1285 2008 1544 2082 percunctante,

311 2112 406 2179 venit
420 2114 533 2189 Pater,
549 2122 584 2178 et
596 2111 814 2197 reprehendit
826 2133 894 2190 me,
905 2111 997 2196 quia,
1011 2110 1240 2178 obedientiam
1252 2123 1542 2199 praetergressum

310 2227 378 2293 illic
394 2249 464 2294 non
480 2237 770 2312 exspectaveram:
795 2244 830 2293 et
852 2225 937 2292 nihil
958 2227 1067 2293 voluit
1090 2229 1204 2295 facere
1227 2228 1294 2293 isto
1317 2226 1384 2294 die.
1410 2228 1545 2297 Deinde

310 2344 409 2409 valde
430 2343 522 2428 apud
549 2340 661 2427 ipsum
683 2342 878 2407 instamus..
902 2344 946 2407 Et
968 2342 1016 2409 ita
1039 2341 1139 2409 rediit
1163 2343 1206 2408 ad
1231 2342 1351 2408 turrim
1376 2345 1541 2422 Rubram,

260 2458 268 2471 ‘
309 2458 529 2542 distabatque
553 2458 773 2538 ambuland0‚
804 2457 853 2522 uti
881 2479 1016 2542 semper
1043 2457 1199 2523 dictarat.
1228 2459 1317 2543 Ego,
1343 2469 1383 2523 ut
1408 2460 1542 2524 vultum

308 2574 384 2658 ejus
404 2573 768 2659 intuerer,‘paululum
792 2594 929 2658 semper
949 2572 1277 2658 appropinquabam‚
1300 2571 1437 2640 dicente
1457 2573 1543 2638 mihi

310 2692 424 2769 Patre,
444 2690 603 2757 Observa
618 2688 787 2779 regulam3
806 2698 841 2753 et
864 2688 946 2752 dum
969 2708 1037 2773 ego
1061 2688 1176 2772 aliqua
1198 2688 1275 2754 vice
1298 2687 1333 2753 id
1356 2688 1541 2773 negligens

192 2790 199 2798 ’
308 2807 519 2885 accederem,
539 2814 643 2888 atque
660 2804 696 2868 in
712 2802 803 2871 idem
818 2803 873 2868 bis
887 2815 947 2890 aut
959 2803 1061 2870 tertio
1072 2826 1182 2871 essem
1196 2804 1361 2889 relapsus,
1375 2802 1462 2869 dixit
1473 2805 1542 2871 hoc

310 2920 406 3000 mihi,
425 2934 460 2987 et
476 2918 571 2985 abiit.
591 2920 634 2984 E't
651 2919 788 2984 tandem
806 2930 926 3003 postea
941 2918 1049 2998 venit,
1069 2932 1108 2984 ut
1123 2918 1156 2984 in
1174 2921 1294 2986 eadem
1312 2918 1397 2984 turri
1414 2919 1543 2987 faceret

307 3038 411 3109 finem
428 3034 579 3103 dictandi
596 3034 631 3100 id
647 3035 739 3119 quod
756 3032 920 3119 scriptum
936 3045 1000 3102 est.
1020 3036 1090 3102 Sed
1103 3034 1380 3121 quandoquidem
1393 3056 1461 3121 ego
1468 3035 1541 3119 jam

306 3152 368 3217 diu
385 3152 516 3217 stabam
533 3150 568 3215 in
586 3149 765 3235 procinctu
783 3148 915 3217 itineris
932 3148 1015 3235 (dies
1032 3148 1158 3235 quippe
1178 3149 1345 3219 discessui
1367 3150 1538 3237 praeviuS,

306 3267 370 3332 luit
387 3278 592 3353 postremuS,
611 3286 680 3351 quo
699 3267 800 3331 Pater
824 3285 959 3333 mecum
980 3266 1117 3331 locutus
1140 3278 1194 3331 est
1217 3267 1260 3332 de
1285 3266 1350 3333 ista
1371 3266 1537 3349 materia),

305 3404 375 3449 non
391 3382 487 3469 potui
503 3382 618 3447 omnia
634 3382 677 3447 ad
694 3382 837 3465 longum
853 3380 1004 3448 scribere
1020 3382 1160 3447 Romae.
1180 3382 1223 3446 Et
1239 3382 1319 3465 quia
1342 3405 1410 3449 non
1428 3384 1540 3452 habe-

356 3568 368 3595 ο
405 3552 466 3606 Hic
483 3552 517 3605 in
526 3568 580 3606 ms.
592 3550 790 3618 abrumpitur
800 3565 913 3616 sensus,
927 3553 956 3603 et
968 3548 1164 3603 desideratur
1176 3550 1298 3623 integer
1307 3553 1538 3623 paragraphus.

305 3642 340 3695 ld
352 3642 422 3711 jum
436 3641 701 3695 animaduerterat
713 3640 766 3708 qui
779 3640 820 3691 ad
838 3654 927 3691 oram
944 3640 1082 3717 paginae
1093 3638 1228 3708 scripsit:
1242 3639 1320 3711 Aqui
1334 3640 1404 3695 falta
1418 3641 1488 3696 todo
1510 3643 1538 3697 el

298 3732 394 3783 num.⁰
407 3742 422 3795 5
437 3728 474 3783 de
490 3730 532 3782 los
546 3727 741 3782 Bolandistas.
758 3726 828 3789 Nos,
844 3744 880 3780 ne
893 3744 1003 3781 manca
1015 3732 1187 3782 remuneret
1197 3728 1368 3799 praefatio,
1377 3730 1456 3785 hanc
1468 3731 1539 3785 utti-

300 3836 384 3872 inuru
394 3822 516 3888 partem
530 3836 565 3872 ex
578 3816 776 3871 bollandiano
792 3820 880 3887 opere
894 3818 1155 3887 transcripsimus.

302 3918 355 3925 -
365 3900 511 3925 -J

351 3964 362 3995 ⁵
400 3962 444 4015 lta
458 3961 613 4032 perspicue
626 3960 735 4029 legitur
748 3958 778 4013 in
791 3959 954 4029 exemplari
967 3976 1021 4014 ms.
1037 3958 1097 4013 Sed
1109 3961 1209 4031 procul
1223 3958 1314 4015 dubio
1328 3961 1438 4016 erravit
1453 3962 1539 4018 libra·
1648 4015 1652 4025 ,

298 4052 368 4119 rius,
384 4050 435 4123 qui
450 4049 647 4105 narrationem
662 4049 693 4103 P.
709 4046 862 4103 Consalvii
875 4048 1042 4118 descripsit.
1056 4049 1183 4115 Etenim,
1202 4049 1450 4121 quemadmodum
1468 4052 1538 4106 dici·

299 4150 346 4194 tur
359 4140 472 4209 statim,
486 4139 629 4208 Ignatius‚
646 4146 678 4191 ut
691 4135 870 4207 supplicanti
883 4135 1043 4190 Consalvio
1056 4153 1167 4191 morem
1186 4146 1315 4208 gereret,
1331 4138 1403 4193 illud
1415 4140 1521 4196 inchoa

298 4238 360 4282 turn
371 4244 444 4300 opus
456 4226 663 4283 resumendum
675 4225 782 4280 indixit
795 4224 832 4279 ad
842 4238 877 4279 22
892 4224 1086 4297 Septembris,
1099 4243 1196 4294 mane,
1207 4226 1238 4281 in
1248 4228 1334 4281 Turri
1344 4228 1455 4295 Rubra,
1465 4246 1536 4303 quo,

297 4328 416 4389 peracto
430 4333 525 4386 sacro,
539 4315 634 4371 adivit
647 4314 835 4378 Consalvius3
855 4330 928 4383 ergo
947 4330 1006 4368 non
1027 4314 1092 4386 ipso
1110 4315 1159 4369 die
1179 4329 1224 4383 22,
1243 4316 1296 4371 sed
1318 4316 1412 4388 pridie
1431 4320 1538 4374 saltem

296 4395 445 4477 Ignatiurn
458 4413 649 4462 convenerat.
669 4404 769 4476 Atque
789 4402 898 4457 latinus
920 4402 1041 4474 quidem
1062 4404 1209 4475 interpres
1230 4404 1308 4475 apud
1329 4406 1538 4463 Bollantlianos

296 4512 354 4550 non
369 4509 402 4549 22
416 4495 468 4550 sed
482 4508 513 4549 21
530 4494 715 4565 Septembris
734 4491 862 4563 scripsit.

347 4585 359 4617 ⁴
396 4587 509 4641 Domus
523 4582 682 4639 Societatis
696 4584 726 4638 in
741 4583 822 4641 Urbe
837 4599 942 4655 uquam
960 4582 1077 4637 Turrim
1095 4584 1232 4639 Rosciam
1251 4594 1386 4641 vocant».
1408 4587 1539 4643 Pomt-

292 4688 365 4746 CUS,
384 4674 511 4739 chron„
526 4675 564 4745 V,
578 4686 626 4728 21.
