3500 5367
460 478 506 532 Du
526 490 618 533 acris
637 477 669 533 S.
690 478 812 533 lonaru
833 492 853 531 Α
872 478 1095 531 mannansrna
1164 482 1167 492 '
1303 474 1357 545 353

158 630 295 709 hibere,
309 642 345 696 et
356 628 570 715 potissimum
583 628 712 697 Christi
724 629 758 693 in
777 629 875 697 terris
890 627 1019 695 vicario
1033 627 1201 696 debemus
1212 649 1343 707 omneS,
1357 639 1393 695 et

160 748 277 827 Pater,
297 758 335 810 ut
351 766 415 811 suo
435 766 499 811 nos
520 746 564 810 ad
585 755 654 811 tarn
676 744 875 813 excellentis
898 744 1037 810 uirtutis
1060 743 1213 810 studium
1237 746 1394 829 exemplo

158 860 399 929 inflammaret:
430 859 458 927 si
485 859 581 941 mihi,
607 860 731 945 inquit,
760 882 915 927 summus
942 859 1096 946 pontifex
1120 859 1331 946 praeciperet
1355 871 1393 924 ut

160 976 297 1045 Ostiam
314 987 476 1062 peterem,
496 987 530 1045 et
546 979 673 1062 scapha
689 977 746 1043 uel
762 976 936 1059 nauicula,
954 997 1056 1063 quam
1071 975 1214 1062 primam
1230 975 1394 1043 offendis-

159 1114 247 1173 sem,
271 1112 471 1173 conscensa,
495 1092 581 1159 uelis
604 1091 775 1176 remisque
790 1104 826 1159 et
847 1091 1092 1178 gubernaculis
1117 1092 1258 1172 nudata,
1280 1091 1395 1174 aliquo

159 1207 376 1295 nauigarem3
386 1208 450 1274 etsi
463 1228 518 1275 me
531 1206 605 1273 aliis
618 1188 827 1293 praeponere
840 1228 910 1273 non
923 1208 1044 1288 audeo,
1055 1217 1150 1274 tanta
1163 1218 1276 1274 tamen
1290 1206 1394 1274 animi

159 1323 419 1409 tranquillitate,
438 1334 506 1389 tarn
528 1334 623 1391 certa
639 1334 674 1391 et
694 1344 816 1391 secura
837 1321 1032 1390 constantia
1051 1322 1145 1390 iussa
1164 1344 1391 1409 capesserem,

160 1438 246 1505 acsi
269 1438 354 1505 mihi
373 1438 496 1507 suisset
515 1438 661 1506 coelitus
681 1434 895 1528 [revelatum]
911 1449 972 1505 aut
992 1440 1192 1506 mandatum
1214 1437 1391 1505 diuinitus.

159 1557 310 1641 Egomet
324 1576 367 1621 ex
383 1555 458 1641 ipso
475 1556 497 1621 6
514 1555 568 1621 uel
585 1556 605 1620 8
622 1553 834 1639 Septembris
851 1570 947 1637 15553
963 1554 1122 1639 idemque
1138 1553 1277 1622 biennio
1293 1532 1396 1621 antea

159 1671 299 1741 dixerat
312 1669 475 1736 cardinali
494 1672 653 1740 Pacheco
672 1672 709 1750 ¹³,
727 1669 908 1757 Neapolim
924 1672 1120 1757 profecturo
1140 1686 1313 1754 1553.-r.

230 1807 284 1875 39.
334 1788 445 1853 Tanta
461 1798 601 1870 tamque
616 1786 770 1878 affluenti
787 1784 1038 1853 benedictionis
1054 1785 1190 1852 diuinae
1204 1783 1304 1871 copia
1321 1785 1396 1853 eius

159 1902 276 1969 anima
291 1903 501 1982 abundabat,
523 1912 590 1967 tam
607 1914 760 1987 paratam
778 1913 812 1971 et
829 1900 937 1971 ueluti
950 1901 985 1968 in
997 1913 1176 1968 numerato
1188 1901 1396 1967 consolatio-

160 2018 216 2085 nis
232 2029 268 2087 et
283 2016 490 2084 uisitationis
505 2016 664 2085 coelestis
680 2017 825 2103 gratiam
842 2019 1004 2097 habebat,
1023 2029 1062 2083 ut
1077 2018 1207 2086 diceret
1223 2037 1274 2097 se,
1292 2017 1321 2083 si
1333 2019 1396 2083 de-

160 2134 233 2201 cies
252 2132 407 2219 quotidie
428 2144 463 2201 et
483 2132 613 2219 pluries
627 2134 745 2201 Deum
767 2132 872 2201 uellet
893 2133 1198 2219 supernaturaliter
1223 2132 1393 2213 inuenire,

161 2250 263 2317 facile
284 2271 386 2337 posse
413 2248 479 2317 Dei
507 2270 661 2331 munere3
688 2250 750 2317 sed
773 2260 888 2316 tamen
913 2269 951 2314 se
974 2260 1112 2335 propter
1135 2258 1393 2330 nocumentum,

162 2366 258 2451 quod
274 2364 408 2450 corpori
425 2384 467 2431 ex
483 2364 541 2431 illa
558 2356 751 2431 uiSitatione
767 2362 886 2429 diuina
901 2363 1124 2445 inferebatur,
1144 2364 1317 2433 abstinere
1336 2386 1396 2431 so-

162 2482 278 2563 litum,
295 2491 331 2547 et
346 2480 452 2549 semel
470 2490 604 2546 tantum
621 2479 656 2545 in
672 2481 728 2547 die
744 2500 783 2546 os
798 2479 884 2546 sonti
901 2479 1105 2547 inexhausto
1124 2482 1320 2561 admouere3
1346 2482 1395 2551 sic

161 2596 256 2665 enim
272 2616 397 2682 corpus
413 2618 481 2663 non
499 2594 641 2662 nimium
660 2594 915 2675 debilitabatur;
937 2604 973 2661 et
992 2593 1145 2681 spiritus,
1166 2617 1237 2663 non
1258 2598 1394 2683 quidem

161 2724 332 2797 quantum
348 2711 575 2791 desiderabat,
594 2712 654 2779 sed
671 2722 838 2795 quantum
854 2712 921 2775 hoc
937 2710 1161 2778 uehementer
1176 2725 1344 2799 occupato
1360 2726 1396 2780 et

161 2826 293 2893 morbis
304 2828 414 2893 fracto
426 2808 510 2893 satis
520 2837 608 2907 erat,
623 2824 839 2894 reficiebatur
854 2824 873 2892 ³.
894 2826 953 2893 llle
968 2824 1063 2891 Patri
1078 2827 1229 2912 Laynez;
1244 2828 1300 2894 hic
1312 2830 1396 2895 mihi

166 2944 208 3009 16
223 2942 378 3029 Augusti
399 2943 584 3026 1555.-L.

231 3078 289 3141 4⁰·
337 3058 411 3125 Nec
433 3078 517 3125 sane
537 3056 661 3124 mirum
682 3069 735 3123 est
755 3056 850 3123 illum
873 3066 941 3121 tarn
965 3057 1063 3143 larga
1085 3080 1105 3124 a
1127 3060 1204 3127 Deo
1230 3059 1394 3125 donatum
1504 3085 1507 3092 ·

161 3197 282 3257 manu,
300 3173 358 3259 qui
376 3184 445 3239 tarn
460 3184 601 3239 strenue
617 3182 652 3241 et
664 3170 825 3259 gnauiter
836 3173 949 3239 Deum
960 3172 1126 3260 diligebat
1137 3185 1173 3243 et
1184 3186 1279 3241 tanta
1291 3174 1395 3242 animi

157 3288 383 3358 contentione
399 3290 442 3355 ad
458 3288 706 3375 perfectionem
721 3286 907 3374 aspirabat,
930 3302 969 3354 ut
986 3287 996 3338 1'
1016 3288 1168 3373 quotidie
1187 3312 1225 3359 se
1245 3290 1395 3378 diligan-

158 3406 294 3473 tissime
309 3416 486 3474 excuteret
503 3403 529 3485 ¹¹,
548 3414 584 3470 et
599 3416 813 3489 praesentem
835 3402 925 3470 diem
942 3424 1021 3471 cum
1042 3406 1206 3472 hesterno
1225 3416 1261 3473 et
1280 3408 1394 3493 profe·

157 3534 257 3589 ctum
273 3542 351 3587 cum
368 3522 525 3607 profectu
542 3532 754 3605 compararet
770 3517 789 3603 ¹,
808 3530 847 3585 ut
863 3518 996 3587 uideret
1012 3530 1259 3604 quantumnam
1276 3522 1310 3587 in
1323 3521 1394 3607 spi-

157 3638 250 3706 ritus
278 3638 411 3704 feruore
439 3637 475 3703 in
501 3618 592 3702 diem
621 3636 815 3721 proficeret,
844 3646 880 3704 et
900 3646 1028 3720 quanta
1048 3636 1270 3732 profectionis
1297 3639 1396 3705 fieret

160 3754 327 3833 accessi0,
346 3764 380 3821 et
394 3755 492 3839 (quae
505 3750 592 3817 mira
605 3762 658 3819 est
669 3751 735 3817 Dei
747 3750 954 3839 benignitas)
966 3772 1101 3837 semper
1113 3774 1151 3819 se
1163 3754 1300 3840 longius
1312 3777 1394 3841 pro-

161 3892 322 3959 gressum
334 3880 369 3937 et
386 3867 636 3935 ardentioribus
651 3866 774 3934 studiis
789 3866 1035 3934 inflammatum
1052 3869 1309 3967 reperiebat,0ut
1323 3884 1395 3939 sta-

162 4000 239 4053 tum
260 3984 355 4051 illurn
377 4004 477 4051 suurn
499 3984 677 4051 Manresae
698 3981 865 4063 habiturn,
888 3982 947 4048 ubi
966 3982 1166 4050 mirabiliter
1188 4007 1208 4051 a
1230 3988 1307 4054 Deo
1330 3988 1397 4054 fuit

219 4174 226 4213 ἰ
264 4168 425 4241 Seqrreatiu
439 4169 538 4235 verba,
554 4185 645 4239 usque
662 4166 808 4241 adfinem
818 4170 1026 4241 paragraphi,
1040 4169 1201 4225 obliterata
1214 4178 1296 4237 sunt,
1310 4178 1339 4228 et
1350 4192 1396 4229 eo·

161 4279 236 4317 rum
250 4260 313 4315 loco
324 4258 447 4332 scripsit
459 4258 675 4315 Ribadeneira:
687 4257 755 4329 Ipse
769 4256 850 4312 mihi.
889 4258 932 4310 -J‘
952 4256 1038 4326 Quae
1046 4260 1235 4331 praecedunt
1253 4262 1291 4317 ab
1306 4263 1398 4319 initio

155 4347 358 4425 paragraphi
374 4348 542 4403 carraellata
563 4350 647 4401 runt.
686 4349 738 4389 ..l
757 4346 940 4416 excutiebat,
960 4346 1094 4405 Natalis.
1136 4350 1180 4391 —l
1196 4353 1396 4425 comparabat,

161 4438 300 4495 Natalis.

224 4612 244 4645 ¹³
282 4610 388 4665 Petrus
400 4606 551 4663 Pachecus
563 4604 680 4661 futurus
693 4614 756 4661 erat
768 4606 1020 4678 neapolitanorum
1033 4624 1139 4679 prorex
1165 4608 1302 4665 inlocum
1318 4612 1398 4667 Petri

161 4700 204 4758 de
217 4700 335 4767 Toleto,
350 4697 410 4753 vita
424 4696 527 4752 iuncti.

302 4792 403 4832 norun.
419 4784 630 4829 lanam-Samae
646 4784 692 4841 lv,
707 4796 765 4829 nou.
781 4784 803 4828 l.
1233 4788 1262 4833 23
