3500 5367
392 434 446 489 626
772 432 980 489 Monuunnrt
1000 430 1180 487 Iulianum

358 608 459 653 omne
481 584 644 651 iudicium
672 585 850 670 optimum,
873 594 910 650 et
930 584 1070 671 spiritus
1091 583 1316 651 iudicantium
1338 584 1383 651 ad
1403 583 1561 650 veritatem

357 702 598 788 propalandam
614 699 848 787 impelluntur.

423 818 507 897 Nos,
528 818 675 903 Gaspar,
693 817 814 882 doctor
839 815 1041 896 canonicuS,
1070 815 1348 902 prothonotarius
1374 828 1410 885 et
1435 815 1563 883 vicarius

355 932 585 1019 supradictus,
603 954 665 1017 per
676 930 690 971 ‘¹
703 954 743 1000 ea
756 952 843 1016 quae
856 929 1004 997 uidimus
1016 942 1050 999 et
1062 930 1247 1017 diligenter
1258 932 1476 1018 inspeximus,
1489 954 1562 1017 quae

355 1058 505 1141 nostram
522 1069 672 1129 mouere,
689 1058 724 1113 et
740 1046 978 1131 cuiuscunque
1005 1047 1089 1113 recti
1111 1040 1239 1131 judicis
1266 1058 1416 1117 mentem
1441 1068 1562 1115 mouere

354 1175 493 1251 possent
508 1176 533 1245 ⁰,
563 1162 719 1243 dicimus,
744 1163 970 1244 declaramus,
999 1163 1280 1248 pronunciamus,
1306 1174 1341 1231 et
1357 1163 1562 1233 deffinitiuam
1609 1191 1613 1205 ·

353 1280 556 1347 sententiam
573 1277 627 1344 sin
643 1280 751 1360 hunc,
770 1277 829 1363 qui
845 1277 1014 1363 sequitur,
1032 1279 1186 1361 modum,
1204 1278 1376 1347 videlicet.
1391 1279 1478 1365 Quia
1488 1278 1562 1345 dici·

352 1418 429 1463 mus
445 1406 480 1465 et
495 1394 762 1482 pronunciamus
789 1394 1085 1481 praenominatum
1111 1394 1316 1461 ⁸dominum
1346 1399 1385 1463 P.
1409 1396 1561 1483 Ignatium

352 1512 397 1578 de
414 1513 543 1597 Loyola
559 1510 603 1599 [a]
624 1510 889 1596 quibuscunque
909 1509 1068 1577 omnibus
1088 1520 1123 1579 et
1143 1509 1289 1597 singulis
1303 1510 1405 1578 dictis
1418 1510 1512 1590 datis,
1528 1532 1560 1574 ac

353 1626 451 1695 nobis
463 1639 498 1695 et
511 1626 622 1694 officio
635 1636 752 1693 nostro
766 1626 964 1706 susurratiS,
981 1636 1144 1711 tanquam
1156 1624 1300 1706 friuoliS,
1320 1626 1418 1694 uanis
1432 1636 1465 1695 et
1479 1626 1560 1693 falsis

355 1742 461 1811 fuisse
477 1753 512 1809 et
528 1764 603 1810 esse
620 1743 867 1809 absoluendum
884 1752 919 1809 et
934 1742 1161 1822 liberandum,
1184 1752 1286 1827 prout
1306 1764 1367 1828 per
1382 1753 1560 1828 praesentes

352 1857 561 1925 absoluimus
578 1878 617 1923 ac
629 1855 644 1896 ¹¹
656 1856 852 1936 liberamus,
866 1854 1026 1922 omnibus
1037 1867 1073 1923 et
1084 1854 1243 1943 singuliS,
1257 1857 1301 1923 de
1313 1856 1437 1942 quibus
1446 1855 1480 1922 in
1492 1878 1560 1941 pro-

349 1994 466 2053 cessu,
495 1972 668 2039 silentium
696 1972 957 2057 imponendum,
990 1983 1094 2057 prout
1120 1970 1343 2056 imponimus,
1374 1972 1559 2039 declarando
1598 2024 1601 2029 .

229 2098 238 2109 “
348 2088 642 2175 praenominatum
659 2086 666 2126 ἱ
683 2090 722 2155 Ρ.
754 2086 925 2173 ignatium
954 2086 1059 2153 fuisse
1074 2098 1110 2154 et
1134 2110 1211 2155 esse
1232 2089 1444 2154 sacerdotem
1461 2089 1558 2153 bonae

348 2216 383 2272 et
398 2203 578 2290 religiosae
593 2203 685 2270 vitae
701 2222 742 2268 ac
753 2223 875 2269 ,sacrae
893 2200 902 2251 ἱ
918 2201 1109 2284 doctrinae,
1132 2223 1267 2271 necnon
1287 2202 1434 2288 optimae
1453 2200 1559 2268 condi-

266 2342 268 2347 ’
348 2318 502 2385 tioniset
519 2319 642 2399 famae,
661 2317 719 2403 qui
736 2317 771 2384 in
789 2316 930 2385 ciuitate
950 2317 1173 2387 Venetiamm
1193 2340 1302 2403 vsque
1321 2318 1357 2385 in
1372 2317 1557 2385 hodiernum

347 2435 436 2501 diem
450 2434 640 2501 doctrinam
656 2445 691 2501 et
706 2435 797 2500 bona
813 2435 969 2519 exempla
983 2433 1112 2500 docuit.
1132 2436 1175 2500 Et
1187 2435 1235 2501 ita
1245 2434 1403 2515 dicimus,
1420 2454 1558 2521 pronun·

346 2552 491 2633 ciamus,
521 2550 780 2629 sententiamus,
803 2550 1015 2617 absoluimus
1033 2560 1068 2617 et
1088 2549 1304 2618 declaramus
1331 2550 1424 2617 omni
1442 2547 1557 2618 meliori

347 2666 462 2749 mod0,
481 2688 550 2751 quo
566 2687 760 2752 possumus,
780 2680 883 2751 atque
898 2668 1075 2732 debemus.
1095 2667 1186 2732 Laus
1203 2667 1292 2733 Deo,

412 2786 510 2863 Lata,
532 2783 625 2864 data,
653 2783 743 2849 lecta
769 2792 804 2847 et
831 2782 1049 2867 promulgata
1076 2780 1142 2847 fuit
1168 2780 1365 2867 supradicta
1386 2778 1558 2848 deffinitiun

344 2898 515 2967 sententia
536 2920 595 2983 per
616 2900 657 2965 R.
680 2900 724 2967 D.
748 2897 914 2964 vicarium
936 2895 1170 2983 supradictum
1193 2917 1254 2981 pro
1275 2896 1436 2975 tribunali
1450 2897 1558 2963 seden-

344 3024 426 3095 tem,
445 3036 548 3095 ann0,
567 3012 764 3094 indictione,
788 3035 919 3094 mense,
941 3012 997 3079 die
1018 3024 1052 3078 et
1073 3012 1288 3098 pontificatu,
1314 3013 1440 3099 quibus
1455 3032 1556 3099 supra,

344 3129 583 3216 praesentibus
599 3127 746 3195 dominis
763 3130 983 3197 Bartolomeo
999 3129 1042 3195 de
1058 3128 1157 3194 Cesis
1178 3139 1213 3195 et
1228 3128 1322 3216 Julio
1342 3127 1490 3195 Odoardi
1509 3148 1554 3193 ca·

341 3244 494 3313 merariis
514 3244 678 3331 praedicti
699 3243 774 3313 Rei
790 3243 918 3311 domini
938 3243 1044 3330 legati
1060 3243 1206 3311 testibus
1227 3242 1358 3310 vocatis
1378 3257 1414 3310 et
1431 3242 1555 3331 rogatis.

409 3362 484 3446 Ego
501 3359 734 3446 Hieronymus
758 3362 922 3428 Thadeus
942 3381 975 3444 q.
998 3360 1032 3426 d.
1056 3358 1215 3439 Petrutii,
1238 3359 1386 3426 clericus
1407 3336 1557 3426 tranensis

340 3474 520 3554 dioecesiS,
550 3475 710 3561 publicus
734 3474 945 3563 [apostolica]
972 3485 1008 3542 et
1040 3474 1206 3561 imperiali
1231 3474 1470 3566 [auctoritate]
1494 3473 1557 3538 kac

339 3590 505 3677 praedicti
521 3590 597 3657 R.¹ni
612 3590 741 3658 domini
761 3590 867 3677 legati
887 3601 922 3657 et
942 3592 984 3659 R.
1006 3588 1136 3655 domini
1157 3588 1276 3655 vicarii
1293 3590 1458 3657 notarius.
1478 3588 1557 3676 Quia

338 3706 507 3792 superiori
523 3705 530 3745 ¹
547 3706 757 3773 deffinitiuae
783 3705 987 3786 sententiae,
1009 3726 1050 3772 ac
1077 3704 1237 3771 omnibus
1257 3715 1293 3773 et
1313 3705 1459 3792 singulis
1477 3706 1509 3771 in
1521 3724 1557 3771 ea

338 3822 523 3905 contentiS,
539 3843 698 3888 unacum
711 3820 978 3908 praenominatis
991 3819 1136 3887 testibus
1148 3841 1311 3905 praesens
1322 3821 1373 3888 fui
1384 3842 1426 3889 ac
1436 3817 1554 3905 scripsi,

336 3936 414 4004 ideo
436 3936 473 4003 in
501 3938 603 4005 fidem
628 3936 892 4024 praemissorum
919 3959 974 4005 me
1001 3956 1106 4002 manu
1138 3936 1274 4022 propria
1302 3936 1502 4023 subscripsi,
1526 3943 1555 4000 et

336 4052 475 4138 signum
493 4074 607 4119 meum
624 4052 767 4139 apposui
784 4061 1002 4119 consuetum.

388 4297 403 4337 d
440 4312 493 4366 pro
507 4311 561 4351 ms.
602 4326 619 4334 —
636 4310 648 4338 ο
668 4303 792 4367 possunt
805 4292 950 4351 Bolland.
987 4294 1036 4334 -1'
1051 4291 1481 4376 etdeffinitivesententiamus
1493 4289 1555 4347 1301·

334 4385 420 4439 land.
460 4400 509 4437 -s
522 4384 775 4455 praenominatum
794 4384 841 4439 vel
858 4380 1052 4454 praedictum.
1068 4382 1105 4437 In
1122 4400 1178 4438 ms.
1196 4383 1314 4455 legitur
1335 4395 1423 4456 pouq
1447 4394 1556 4455 pmem·
1618 4408 1621 4417 ·

335 4474 477 4529 minatum
488 4474 634 4529 Bolland.
671 4476 721 4516 -h
740 4473 933 4539 absolvimus,
949 4479 980 4526 et
989 4471 1134 4532 Bolland.
1173 4474 1217 4515 -i
1235 4472 1273 4527 ln
1284 4492 1343 4530 ms.
1356 4485 1443 4546 μεως
1454 4466 1557 4545 praedi·

332 4571 415 4617 ctum
426 4563 571 4622 Bolland.
610 4561 954 4617 -tecsanaeBolland.
991 4562 1191 4634 -kpublicus
1201 4562 1374 4633 Apostoliea
1383 4571 1415 4618 et
1424 4554 1556 4633 imperiali

333 4652 546 4723 (auctoritate),
561 4652 707 4707 Bolland.
746 4652 788 4693 -l
802 4650 881 4722 Quia
894 4648 1081 4722 supradictae
1095 4650 1241 4707 Bollaud.
