3500 5367
401 440 455 508 486
781 442 989 495 Monuni-:nra
1008 442 1188 497 losarrasa

366 614 485 659 mense
506 592 549 661 de
566 592 759 660 obedientia
775 607 808 676 ¹¹¹,
828 594 1067 680 praesentibus
1081 594 1242 662 omnibus
1257 594 1487 676 sacerdotibus,
1500 614 1563 658 ma-

366 708 457 775 xime
472 707 624 776 nouitiis
689 796 696 807 .
719 685 732 719 ⁸

437 823 508 910 Qui
524 824 645 891 diebus
666 825 762 893 festis
778 828 876 895 eran't
896 826 1062 913 assignati
1081 850 1143 914 pro
1163 827 1317 897 dicendis
1337 826 1437 893 sacris
1449 825 1478 890 in
1492 838 1559 891 tem·

368 942 425 1027 plo
447 951 568 1008 nostro
591 941 784 1010 immediate
805 955 883 1029 post
903 943 1116 1023 concionem,
1135 945 1307 1012 debebant
1326 943 1418 1029 prius
1437 941 1512 1010 exire
1528 962 1561 1007 ex

369 1056 536 1137 sacristia,
559 1068 594 1123 et
615 1058 777 1143 templum
807 1057 942 1146 ingredi
963 1070 1147 1144 antequam
1173 1059 1394 1126 concionator
1411 1054 1564 1124 sacristiam

370 1171 525 1241 intraret.

439 1288 603 1374 Quolibet
623 1288 678 1355 die
702 1310 844 1376 uespere
865 1290 1031 1373 minister,
1048 1312 1092 1357 ex
1112 1291 1322 1378 praescripto
1341 1291 1471 1376 regulae
1487 1308 1564 1356 suae.

371 1416 407 1469 et
423 1427 466 1471 ex
481 1404 618 1491 speciali
641 1404 880 1473 commissione
899 1406 1010 1472 sancti
1028 1406 1141 1473 Patris
1156 1406 1191 1472 in
1211 1428 1253 1474 ea
1271 1408 1394 1493 regula
1412 1403 1566 1479 nominata,

371 1522 554 1589 tenebatur
571 1520 709 1587 uisitare
732 1522 845 1589 omnia
861 1524 937 1589 loca
960 1536 1092 1589 secreta
1113 1526 1247 1605 domus,
1266 1522 1299 1588 in
1317 1521 1440 1607 quibus
1452 1520 1477 1585 si
1489 1518 1566 1584 inue-

370 1637 478 1705 nisset
494 1638 547 1704 vel
564 1660 665 1704 vnam
683 1636 787 1703 solam
805 1641 977 1724 guttulam
995 1638 1112 1707 vrinae
1127 1662 1281 1726 sparsam
1297 1638 1333 1704 in
1351 1650 1447 1717 terra,
1464 1635 1507 1703 uel
1519 1654 1565 1699 su·

374 1776 434 1839 pra
454 1755 583 1833 sedem,
602 1754 658 1821 uel
681 1777 724 1821 ex
745 1755 811 1819 olla
831 1776 900 1821 non
921 1756 1076 1836 effusam,
1095 1755 1152 1821 uel
1172 1754 1343 1840 portulam
1366 1762 1509 1839 apertam,
1523 1746 1566 1813 uel

375 1872 528 1936 foramen
550 1870 641 1937 sedis
664 1872 836 1937 asserculo
857 1892 925 1936 non
946 1883 1143 1957 coopertum
1161 1884 1188 1951 ¹¹,
1206 1872 1354 1939 debebat
1370 1869 1404 1935 in
1424 1869 1568 1934 authorem
1605 1897 1610 1913 ·
1670 1929 1671 1942 ,

374 1984 559 2069 inquirere,
582 2006 730 2071 eumque
758 1985 891 2054 solenni
911 1975 1118 2071 poenitentia
1148 1987 1313 2053 mulctare
1336 1984 1431 2051 iussu
1447 1980 1568 2049 eiusdem
1670 1987 1671 1990 ’

376 2104 417 2170 P.
436 2100 571 2187 Ignatii.
591 2103 687 2169 Haec
703 2113 784 2167 sunt
800 2102 906 2170 uerba
922 2102 1075 2169 formalia
1090 2102 1190 2169 istius
1206 2104 1359 2189 regulae.

443 2216 538 2301 Quid
564 2218 599 2284 in
626 2220 725 2283 horto
752 2218 940 2284 domestico
968 2219 1161 2286 faciendum
1183 2230 1268 2299 erat,
1292 2241 1364 2285 non
1393 2224 1567 2303 procurator,

376 2333 438 2401 sed
466 2331 620 2400 minister
647 2332 911 2419 praescribebat.
941 2335 1102 2401 Habebat
1129 2326 1243 2403 auteln
1274 2332 1376 2401 etiam
1405 2316 1570 2398 hortulanus

378 2459 494 2515 noster
509 2469 590 2515 suas
606 2450 743 2534 regulas
760 2448 963 2534 peculiares,
982 2453 1091 2516 Porro
1106 2461 1146 2515 ut
1160 2453 1283 2516 hortus
1299 2462 1353 2515 ter
1368 2448 1403 2515 in
1418 2446 1568 2514 hebdoma-

377 2565 420 2632 da
437 2576 643 2647 uerreretur,
661 2564 948 2648 quemadmodum
969 2575 1004 2632 et
1027 2566 1223 2632 ambulacra
1237 2567 1372 2644 domus,
1391 2559 1572 2631 subminister

379 2681 536 2749 curabat.

444 2795 561 2864 Nostri
578 2796 611 2861 in
630 2796 811 2885 refectorio
828 2796 954 2864 mensis
976 2796 1179 2878 seruientes,
1197 2796 1311 2893 linteis
1327 2798 1371 2863 ad
1393 2815 1495 2883 genua
1512 2808 1573 2877 pre

312 2925 314 2931 '
378 2912 485 2981 tensis
502 2923 536 2980 et
552 2913 647 2979 nulla
662 2934 705 2979 ex
721 2924 818 2997 parte
834 2912 1028 2999 corrugatis
1040 2912 1150 2997 iisque
1166 2913 1252 2979 albis
1267 2910 1460 3000 praecincti,
1472 2902 1573 2975 seruie-

379 3030 474 3108 bant,
494 3028 620 3113 quibus
632 3049 756 3095 manus
771 3029 981 3096 madefactas
994 3029 1049 3096 uel
1062 3049 1099 3094 re
1111 3028 1224 3113 aliqua
1239 3028 1384 3095 infectas
1399 3016 1574 3107 abstergere.

379 3156 438 3210 aut
455 3142 553 3229 panis
569 3144 625 3211 uel
647 3143 789 3209 aliarum
807 3165 920 3210 rerum
942 3143 1102 3227 reliquias
1118 3142 1153 3208 in
1168 3167 1210 3212 ea
1226 3142 1397 3212 coniicere
1411 3142 1496 3208 nefas
1508 3145 1572 3205 erat·

382 3262 524 3346 Semper
541 3271 654 3325 autem
672 3269 745 3325 erat
762 3280 951 3344 appensum
967 3280 1113 3345 paruum
1130 3258 1268 3326 mantile
1283 3280 1392 3345 prope
1408 3260 1517 3333 locum,
1531 3267 1573 3335 per

382 3396 484 3459 quem
502 3398 545 3441 ex
560 3373 674 3440 culina
691 3374 926 3441 inferebantur
940 3373 1020 3455 cibi,
1035 3386 1069 3440 et
1085 3374 1143 3440 illo
1159 3374 1290 3441 mantili
1302 3374 1366 3441 soli
1383 3372 1579 3441 ministrantes

383 3512 464 3558 suas
480 3490 724 3575 abstergebant
740 3510 872 3555 manus.

451 3608 659 3691 Fragmenta
676 3626 758 3671 uero
779 3626 907 3691 panum
927 3603 962 3671 in
979 3627 1087 3690 parua
1106 3604 1256 3673 canistra
1271 3607 1314 3673 ad
1334 3608 1402 3672 hoc
1418 3604 1576 3691 praeparata

385 3720 664 3807 imponebantur.

452 3836 563 3917 Vitra,
586 3859 648 3922 pro
669 3847 753 3923 potu
774 3836 993 3923 singulorum
1013 3837 1193 3920 destinata,
1211 3836 1287 3905 siue
1305 3838 1388 3903 dum
1409 3834 1579 3901 inferrentur

385 3951 524 4031 mensiS,
548 3952 623 4021 siue
643 3954 725 4019 dum
748 3950 842 4019 finita
863 3951 1072 4021 comestione
1093 3953 1320 4032 auferrentur,
1343 3951 1457 4040 digitis
1472 3939 1576 4015 contin·

386 4092 481 4157 gere,
500 4069 575 4138 siue
591 4068 680 4135 intra
695 4068 769 4133 siue
785 4080 894 4149 extra,
908 4090 949 4135 ea
965 4067 1000 4134 in
1017 4079 1126 4154 parte,
1144 4089 1233 4153 quae
1251 4068 1302 4134 ori
1317 4069 1507 4135 admovetur
1518 4058 1578 4123 dm

387 4204 429 4250 ex
446 4184 488 4251 iis
504 4183 645 4267 bibitur,
664 4182 864 4251 indecorum
885 4184 1081 4268 putabatur.

454 4300 492 4369 Si
511 4298 625 4366 vicino
646 4298 774 4383 aliquid
794 4298 924 4379 deerat,
942 4297 977 4364 id
998 4298 1215 4381 ministranti,
1234 4321 1304 4366 nan
1327 4301 1428 4386 pulsu
1453 4290 1522 4362 uitri
1537 4292 1579 4349 aul

388 4415 529 4483 alterius
545 4414 606 4495 rei,
625 4415 685 4483 sed
701 4425 788 4481 nutu
805 4414 926 4481 frontis
946 4413 1173 4481 indicabatur.

445 4681 465 4708 ¹¹¹
503 4664 665 4721 obidientia
679 4684 734 4721 ms.
792 4682 840 4709 -n
877 4674 1046 4734 coopertam
1060 4684 1116 4722 ms.
