3500 5367
402 498 456 554 490
783 484 990 539 Moumrerrra
1009 483 1190 539 leniamus

366 638 571 724 pretiosum,
590 639 726 705 duobus
746 636 864 725 digitis
886 660 957 705 non
973 637 1086 718 latius3
1110 660 1153 706 eo
1180 636 1287 704 uestis
1307 660 1370 725 per
1394 636 1569 724 simplicem,

369 776 437 820 non
453 754 677 840 duplicatum,
696 755 804 819 multo
821 752 934 819 minus
947 751 1152 839 triplicatum
1173 753 1315 819 ductum
1336 752 1567 854 constringeba-

274 938 278 947 ,
368 880 436 952 tur,
464 890 532 936 non
554 870 656 937 altius
685 868 858 937 umbilico,
888 871 968 936 Non
983 867 1121 955 longius
1137 869 1333 955 pendebant
1349 880 1493 938 extrema
1511 867 1568 935 cin-

367 986 453 1072 guli,
476 1008 579 1071 quam
601 988 673 1055 fere
692 987 736 1052 ad
755 983 934 1053 dimidium
954 985 1070 1073 palmi.
1099 984 1243 1079 Caligae
1258 995 1356 1053 erant
1381 996 1569 1071 separataea

369 1100 541 1168 tibialibus
557 1100 712 1189 integris.
733 1101 912 1170 Subucula
927 1100 961 1165 in
978 1099 1090 1167 hieme
1105 1122 1149 1168 ex
1164 1099 1338 1187 duplicata
1351 1100 1417 1169 tela
1431 1098 1571 1166 crassiore

366 1218 455 1298 alba,
480 1216 517 1283 in
531 1228 660 1285 aestate
675 1240 718 1284 ex
745 1216 903 1303 simplici,
922 1238 991 1283 non
1007 1216 1191 1304 duplicata:
1211 1214 1464 1303 astringebatur
1476 1224 1569 1280 autem

367 1354 438 1399 non
457 1332 584 1415 fibulis,
603 1333 654 1398 uti
675 1332 794 1422 uestis,
817 1333 880 1401 sed
903 1332 1038 1399 nodulis
1065 1356 1108 1401 ex
1135 1332 1202 1398 filis
1225 1331 1409 1412 contextis,
1431 1328 1484 1415 qui
1501 1329 1572 1395 inter

368 1447 534 1515 foramina
551 1448 691 1515 alterius
708 1448 813 1534 partis
829 1448 1082 1516 inscrebantur.

433 1563 552 1633 Sancti
568 1564 681 1631 Patris
708 1566 877 1631 subucula
904 1575 978 1633 erat
999 1564 1103 1633 etela
1131 1563 1242 1651 nigra,
1265 1564 1315 1629 uti
1338 1576 1375 1631 et
1400 1583 1512 1628 soccus
1525 1581 1573 1646 pro

367 1681 455 1767 pede
472 1680 550 1747 olim
568 1682 672 1762 laes0,
691 1702 792 1767 quem
810 1691 987 1765 praeterea
1002 1678 1069 1746 alio
1089 1681 1229 1746 soeculo
1250 1701 1401 1767 epanno
1421 1677 1516 1744 rubro
1529 1673 1572 1740 uili

368 1808 404 1866 et
422 1795 517 1863 tenui
534 1796 723 1864 muniebat.

435 1912 552 1981 Calcei
568 1924 761 1979 nostrorum
774 1924 872 1981 erant
888 1911 1040 1981 eiusdem
1057 1914 1201 1992 formae,
1215 1932 1284 1996 qua
1299 1930 1393 1976 nunc
1408 1907 1508 1975 nostri
1520 1908 1571 1972 Ro·

371 2052 448 2097 mae
464 2038 622 2099 utuntur.
638 2027 775 2097 Scissus
794 2050 915 2115 parurn
936 2050 1085 2114 superne
1105 2028 1241 2096 calceus
1262 2026 1371 2113 ligula
1386 2013 1493 2111 alidua
1509 2024 1573 2089 cho

372 2144 484 2214 reacia
496 2142 809 2230 constringebatur.
823 2146 917 2211 Intra
929 2143 1058 2211 tibialia
1072 2142 1223 2224 qsoccis,
1239 2164 1309 2209 non
1323 2142 1484 2209 crassiore
1494 2158 1573 2223 quam

369 2270 462 2328 esset
478 2258 603 2325 indusii
620 2261 698 2339 tela,
718 2262 905 2327 utebantur
925 2281 1056 2327 omnes,
1076 2259 1266 2328 Tibialibus
1282 2280 1353 2325 non
1369 2256 1466 2324 lineis
1479 2254 1573 2323 seder

370 2396 484 2461 panno
501 2376 696 2459 utebantur,
716 2376 914 2461 nequidem
941 2387 1082 2443 sanctus
1111 2380 1225 2456 Pater,
1256 2374 1315 2460 qui
1342 2384 1453 2440 totum
1472 2393 1510 2437 ex
1523 2368 1575 2435 tela

371 2490 471 2576 nigra
486 2490 663 2557 socculum
685 2492 774 2559 ultra
797 2492 920 2579 pedem
940 2515 1012 2559 non
1038 2503 1250 2579 protensum,
1282 2491 1340 2556 uix
1369 2492 1456 2556 talos
1469 2486 1574 2554 inferne

370 2606 610 2693 attingentem,
629 2607 813 2677 adhibebat
829 2608 873 2675 ad
889 2607 1077 2689 munimen,
1095 2608 1175 2676 olim
1192 2607 1226 2674 in
1243 2607 1396 2686 saeculo,
1413 2598 1577 2673 salutariter

370 2743 432 2808 pro
448 2734 566 2788 nostro
583 2724 673 2789 bono
689 2722 784 2805 laesi,
803 2722 838 2789 in
850 2724 941 2792 bello
953 2722 1200 2811 pampilonensi
1214 2723 1320 2810 pedis.
1334 2720 1465 2801 Galeri,
1476 2716 1577 2803 quibus

370 2849 467 2906 extra
482 2839 622 2904 domum
638 2853 673 2906 et
689 2839 723 2905 in
744 2839 924 2908 itineribus
940 2840 1047 2907 nostri
1063 2842 1260 2919 utebantur,
1275 2848 1374 2935 erant
1389 2836 1518 2904 latiores
1528 2850 1576 2917 ga·

371 2953 452 3021 ieris
468 2965 699 3036 externorum,
718 2966 753 3024 et
769 2977 836 3023 non
859 2956 930 3038 alti3
949 2956 1082 3026 inferne
1097 2958 1379 3024 subducebantur
1400 2953 1455 3041 uel
1470 2946 1523 3018 toti
1536 2944 1578 3010 uel

372 3069 408 3135 in
425 3069 538 3138 medio
551 3082 697 3154 tantum,
714 3094 783 3138 non
800 3072 865 3141 alia
881 3072 1023 3141 materia
1038 3096 1142 3159 quam
1158 3074 1214 3140 uel
1231 3073 1299 3138 tela
1313 3071 1426 3158 nigra,
1440 3068 1492 3136 uel
1504 3071 1578 3131 oeric

372 3184 551 3253 subtiliore
567 3186 677 3273 nigra.
698 3185 892 3255 Chirotecis
907 3210 1084 3275 nunquam
1101 3190 1300 3268 utebantur,
1322 3185 1389 3252 nisi
1408 3187 1506 3269 longa
1518 3177 1577 3265 plu·

374 3301 462 3367 rium
479 3300 673 3369 milliarium
686 3302 808 3371 itinera
825 3303 1002 3372 facientes

510 3500 658 3559 QUANTO
686 3502 807 3549 AMORE
832 3502 994 3551 SANCTUS
1017 3504 1134 3551 PATER
1155 3496 1467 3560 PROSEQUEBATUR

879 3619 1110 3668 DOMESTICOS

440 3765 580 3833 Solebat
596 3776 736 3834 sanctus
754 3768 870 3849 Pater,
885 3768 1157 3853 quotiescunque
1169 3767 1291 3855 aliquis
1307 3788 1327 3834 e
1342 3764 1467 3834 nostris
1481 3778 1579 3829 occur·

375 3891 476 3961 reret,
495 3880 710 3950 considerare
726 3882 762 3949 in
778 3904 819 3951 eo
834 3882 995 3970 pretium,
1014 3905 1084 3969 quo
1100 3882 1190 3951 illius
1213 3882 1326 3949 anima
1347 3883 1514 3965 redempta
1526 3880 1577 3947 θεῖ,

375 4007 410 4062 et
426 3998 555 4082 Xpum.
574 3996 750 4063 dominum
773 3998 1039 4085 redemptorem.
1058 4000 1159 4085 Quae
1185 3996 1415 4066 consideratio
1441 4004 1579 4062 tantore

375 4114 491 4199 plebat
507 4124 643 4179 santum
661 4115 798 4181 Patrem
815 4114 944 4201 gaudio
958 4113 1056 4181 initio
1072 4116 1236 4184 fundatae
1256 4113 1450 4194 Societatis,
1471 4120 1505 4176 ut
1517 4120 1579 4192 prat

376 4225 484 4295 letitia
500 4226 635 4295 interna
651 4250 671 4295 a
687 4228 759 4295 risu
782 4230 955 4299 abstinere
977 4252 1047 4297 non
1074 4241 1204 4317 posset.
1239 4231 1329 4298 Cum
1351 4250 1438 4317 ergo
1452 4226 1580 4295 cerneret

377 4342 482 4410 risum
497 4346 589 4411 hunc
604 4364 785 4413 excessum
797 4366 873 4413 esse
889 4346 1043 4415 internae
1057 4346 1220 4429 laetitiae,
1238 4368 1318 4415 eum
1334 4356 1374 4411 ut
1389 4344 1578 4430 temperaret,

375 4468 412 4527 et
428 4460 500 4526 sola
516 4459 731 4528 iucunditate
747 4462 866 4528 uultus
882 4461 948 4529 sibi
968 4472 1190 4529 occurrentes
1210 4460 1426 4543 exhilararet,
1449 4452 1581 4525 totietas

431 4722 446 4760 i
483 4704 579 4761 tibilia
590 4722 646 4761 ms.
