3500 5367
658 484 665 497 .
750 444 936 501 Patauino
1403 456 1420 512 7

221 594 425 679 spectantia,
442 594 583 676 scirent,
603 608 716 665 tacere
733 596 872 665 minime
888 576 1073 665 debebant.
1092 598 1136 663 Et
1151 618 1236 665 sane
1252 618 1321 662 non
1338 607 1456 662 tacue-

221 718 315 779 runt.
334 712 422 777 Nam
439 722 477 778 ut
494 710 641 797 quisque
656 735 775 781 amore
790 712 826 778 in
842 712 1016 801 Ignatium
1033 734 1072 779 ac
1088 724 1288 781 nascentem
1300 712 1455 799 Societa-

220 836 291 892 tem
309 827 495 908 ferebatur,
510 824 692 913 reiumque
704 828 861 895 notitiam
875 832 1048 908 hauserat,
1067 850 1156 915 quae
1170 828 1312 908 sciebat,
1326 828 1453 906 omnia,

219 942 276 1007 vel
292 943 334 1008 ad
351 942 522 1028 privatum
540 943 593 1011 sui
610 944 717 1031 ipsius
733 966 847 1025 usum,
866 926 922 1011 vel
938 957 978 1011 ut
994 944 1191 1031 petentibus
1209 944 1335 1010 faceret
1358 944 1452 1021 satis,

218 1057 404 1144 diligenter
419 1058 454 1124 in
470 1081 681 1146 papyraceos
697 1060 834 1127 codices
846 1061 1028 1129 referenda
1039 1082 1116 1127 esse
1127 1057 1347 1126 existimavit.
1363 1058 1456 1124 Hinc

216 1174 337 1253 multa,
356 1196 377 1240 a
392 1174 476 1241 viris
492 1175 675 1261 praecipue
690 1197 838 1263 magnae
851 1175 1080 1256 auctoritatis,
1094 1176 1138 1242 de
1151 1177 1255 1243 rebus
1267 1174 1455 1261 ignatianis

216 1310 257 1355 ac
278 1290 322 1355 de
343 1302 422 1357 ortu
442 1290 625 1359 Societatis
642 1295 739 1379 Jesu,
769 1293 954 1361 memoriae
977 1291 1152 1377 juvandae
1179 1312 1300 1373 causa,
1331 1289 1453 1357 litteris

215 1404 422 1491 consignata
437 1418 530 1472 sunt.

278 1522 398 1605 Atque
414 1522 494 1588 inde
510 1524 679 1610 originem
695 1526 823 1589 duxere
840 1522 986 1609 plurima
1004 1524 1182 1609 opuscula,
1205 1544 1294 1607 quae
1310 1524 1381 1607 jam
1395 1533 1452 1607 ty·
1528 1530 1533 1537 ’

213 1637 267 1723 pis
292 1638 395 1707 edere
411 1640 645 1727 aggredimur,
669 1618 825 1729 quaeque
845 1652 1038 1707 nostrorum
1056 1642 1099 1707 de
1122 1642 1198 1708 sto.
1225 1640 1359 1727 ignatio
1377 1661 1453 1705 mo-

214 1750 461 1821 numentorum
478 1776 611 1823 samen
629 1776 803 1835 Qunarnu
820 1756 1127 1842 coagmentabunt.
1150 1758 1240 1823 Cum
1256 1756 1348 1822 enirn
1366 1756 1453 1823 aliae

212 1868 323 1937 series
338 1868 411 1955 ipsa
431 1870 496 1938 Sti.
515 1870 640 1958 Ignatii
668 1872 806 1958 scripta,
826 1882 910 1958 puta
938 1871 1107 1957 Epistolas
1123 1883 1158 1939 et
1186 1871 1448 1950 instructiones

212 1983 387 2052 Exercitia
399 1984 598 2071 spiritualia,
612 1987 759 2055 Lumina
774 2009 814 2055 ac
826 1988 1033 2056 documenta
1046 1986 1140 2052 varia
1151 1986 1348 2067 exhibeant;
1363 1990 1451 2053 haec

211 2112 337 2185 quarta
349 2101 456 2170 series
471 2124 541 2169 non
556 2103 684 2189 Ignatii
699 2102 838 2190 scripta,
852 2105 914 2169 sed
926 2102 1069 2169 aliorum
1082 2104 1125 2169 de
1138 2104 1211 2171 Sto.
1227 2101 1361 2189 ignatio
1374 2124 1451 2167 mo·

213 2227 383 2283 numenta
398 2217 600 2286 continebit.

282 2333 541 2418 Complectetur
568 2334 659 2401 enim
687 2346 759 2403 turn
781 2356 871 2419 quae
899 2334 1104 2401 Consalvius
1124 2336 1166 2400 de
1195 2336 1341 2401 Camara
1360 2333 1450 2399 circa

212 2447 389 2533 Ignatium
405 2448 552 2535 scripsit,
573 2462 645 2516 tum
662 2450 764 2517 etiarn
788 2449 934 2516 aliorum
950 2450 1120 2516 sodalium
1141 2451 1185 2515 de
1205 2448 1328 2534 Ignatii
1350 2448 1452 2514 dictis

211 2574 247 2629 et
264 2563 366 2631 sactis
383 2564 562 2631 historicas
577 2566 817 2632 annotationes
833 2578 893 2633 aut
908 2565 1164 2632 commentaria.

282 2682 477 2761 Praeterea,
495 2681 549 2749 his
565 2691 642 2749 acta
657 2681 693 2747 in
710 2680 841 2766 judicio
861 2682 1073 2767 adjiciemus,
1097 2681 1169 2747 sive
1187 2683 1389 2761 Processus,
1411 2690 1450 2744 ut

210 2808 354 2875 vocant,
373 2811 445 2861 turn
463 2818 525 2883 pro
540 2798 687 2885 IgnatiO,
711 2810 783 2865 turn
804 2810 924 2865 contra
941 2798 1052 2884 ipsum
1069 2796 1214 2865 diversis
1239 2794 1450 2881 temporibus

212 2932 251 2977 ac
268 2911 359 2979 locis
379 2912 571 2980 institutos.

200 3012 204 3017 ⁵
278 3028 440 3113 Denique
466 3041 689 3097 monumenta
717 3028 821 3108 varia,
852 3031 895 3096 ad
924 3028 1097 3115 Ignatium
1124 3030 1449 3113 quomodocumque

210 3144 417 3227 spectantia,
434 3154 536 3229 prout
552 3144 790 3232 opportunitas
806 3144 905 3225 leret,
918 3155 1072 3210 extremo
1087 3144 1164 3209 loco
1180 3154 1379 3227 sequentur.

277 3258 441 3327 Nuncde
461 3259 653 3346 praecipuis
674 3260 819 3345 hujusce
844 3259 1026 3325 voluminis
1042 3257 1286 3335 monumentis,
1305 3278 1385 3322 nam
1403 3255 1447 3321 de

209 3373 372 3441 omnibus
392 3396 496 3461 agere
517 3374 714 3461 singillatim
742 3374 844 3442 nimis
863 3376 1006 3461 longum
1034 3385 1138 3453 esset,
1165 3372 1293 3457 aliquid
1318 3383 1371 3437 est
1393 3370 1448 3435 di—

211 3492 377 3559 cendum.

283 3626 314 3675 1.
361 3610 448 3672 Acta
464 3609 509 3673 P.
541 3608 677 3695 Ignatii
695 3614 730 3673 vt
745 3610 905 3692 primum
935 3608 997 3693 [aa]
1022 3608 1161 3690 scripsit
1184 3608 1229 3671 P.
1250 3607 1448 3671 Ludouicus

213 3724 396 3803 Gonzales,
416 3726 589 3809 excipiens
604 3745 647 3789 ex
662 3746 721 3789 ora
742 3728 852 3811 ipsius
869 3726 1005 3793 Patria.

279 3838 345 3906 His
361 3840 447 3907 actis
462 3839 609 3925 primurn
626 3841 738 3906 locum
755 3840 889 3920 damus,
910 3850 1027 3925 utpote
1038 3860 1081 3905 ex
1098 3836 1206 3924 ipsius
1218 3835 1342 3923 Ignatii
1355 3858 1447 3904 orea

209 3956 397 4023 Consalvio
423 3955 587 4042 exceptis.
620 3958 731 4022 Porro
759 3965 983 4021 monumento
1011 3956 1091 4033 hoc,
1114 3953 1188 4018 sive
1209 3951 1447 4037 antiquissima

209 4072 365 4139 omnium
385 4072 449 4140 Sti.
477 4054 634 4138 Parentis
662 4070 744 4152 vita,
774 4070 825 4136 usi
847 4083 929 4137 sunt
956 4068 1153 4154 scriptores,
1178 4066 1342 4151 majorem
1365 4087 1447 4151 prae

210 4187 355 4257 caeteris
375 4186 468 4254 nacti
490 4186 744 4267 auctoritatem,
772 4196 811 4251 ut
833 4183 1071 4264 Ribadeneira,
1090 4184 1201 4268 quiin
1219 4182 1444 4268 praefatione,

210 4303 406 4389 ignatianae
421 4303 514 4371 vitae
528 4303 692 4389 praefixa,
707 4304 830 4371 tratres
846 4300 1030 4369 Societatis
1041 4304 1127 4388 Jesu
1142 4298 1179 4363 in
1195 4301 1289 4363 hunc
1306 4298 1446 4362 modum

209 4418 404 4504 alloquitur:
426 4418 581 4487 «Deinde
596 4442 637 4487 ca
651 4418 824 4485 dicemus»
841 4416 964 4501 inquit,
981 4437 1091 4499 «quae
1106 4413 1244 4481 assidua
1256 4414 1445 4478 multorum

209 4556 375 4601 annorum
391 4534 604 4622 flagitatione
621 4533 745 4613 victua,
760 4544 794 4601 et
807 4532 960 4599 omnium
975 4532 1045 4598 fere
1057 4542 1193 4616 patrum
1206 4528 1443 4607 contentione,

210 4649 353 4734 ipsemet
370 4652 472 4720 Pater
489 4652 531 4717 de
548 4650 617 4717 vita
639 4672 658 4716 a
679 4670 717 4716 se
744 4661 823 4716 ante
840 4659 916 4715 acta
941 4650 980 4715 P.
1005 4646 1182 4714 Ludovico
1199 4643 1345 4711 Gonzali
1362 4665 1446 4729 ape·
