3500 5367
424 453 589 522 Quonono
609 450 640 506 S.
661 452 785 508 Ionarrr
802 465 903 509 niaco
923 466 1060 509 oamcrn
1080 466 1195 509 urrann
1338 453 1392 523 767

188 605 236 671 he
253 607 345 691 oydo
360 617 481 673 contar
496 626 595 673 cosas
610 607 654 675 de
675 607 719 672 N.
742 609 797 687 Ρ.,
819 628 843 692 y
862 618 954 673 estas
974 628 1042 692 que
1064 618 1164 673 tocan
1188 612 1208 672 a
1232 628 1274 673 su
1297 616 1426 673 retrato

190 742 259 787 con
281 720 420 788 ocasion
441 722 498 787 del
519 720 640 789 mismo
656 733 794 803 retrat03
817 722 885 808 ysi
905 744 943 790 se
966 721 1049 788 mira
1070 722 1102 789 el
1122 703 1210 787 libio
1230 723 1274 790 dc
1295 723 1327 789 la
1349 721 1427 787 vida

189 837 236 902 de
252 838 297 903 N.
317 836 356 903 P.
375 860 420 905 en
435 838 467 904 el
483 838 635 925 capitulo
650 838 694 905 de
708 839 741 904 la
757 849 910 906 astatura
924 860 947 923 y
968 836 1175 925 disposicion
1196 838 1240 905 de
1261 859 1302 905 su
1324 858 1426 904 cuer-

192 973 249 1039 po,
266 953 432 1034 hallaran,
450 954 596 1039 leyendo
610 974 634 1039 y
651 952 851 1033 mirandole,
870 954 904 1019 lo
919 973 987 1038 que
1003 953 1059 1020 alli
1076 976 1114 1021 se
1129 952 1275 1022 escriue.

262 1068 396 1135 Escriut
413 1080 488 1135 esto
503 1091 547 1137 en
563 1054 701 1136 Madridv
714 1068 746 1137 el
761 1078 828 1135 atto
843 1069 888 1135 de
909 1070 1004 1152 1587,
1023 1069 1054 1135 el
1071 1090 1144 1137 mes
1155 1069 1198 1136 de
1214 1071 1344 1154 Marcu,
1361 1069 1426 1155 ylo

189 1190 319 1251 mostre
335 1186 368 1251 al
386 1186 426 1251 P.
445 1184 696 1269 Ribadeneyra‚
715 1206 738 1269 y
758 1185 790 1253 le
805 1182 941 1270 paracio
956 1206 1025 1270 que
1040 1206 1099 1252 era
1118 1183 1198 1254 bien
1219 1206 1288 1270 que
1308 1207 1345 1253 se
1366 1206 1425 1251 su-

191 1300 304 1387 piesse
319 1313 346 1381 1’,
369 1322 464 1387 yme
484 1299 668 1387 agradecio
688 1312 761 1367 este
784 1280 928 1385 trabajo,
950 1298 973 1385 y
993 1322 1039 1366 no
1060 1322 1179 1369 menos
1199 1302 1231 1367 el
1252 1301 1293 1366 P.
1317 1302 1424 1368 Fran·

188 1417 285 1484 cisco
311 1418 355 1485 de
377 1418 512 1498 PorreS,
533 1397 812 1502 viceprouineial,
834 1439 857 1502 y
877 1426 971 1482 otros
992 1418 1138 1483 muchos
1157 1417 1201 1485 de
1224 1416 1275 1482 los
1296 1418 1425 1485 Padres

190 1554 321 1619 graues
336 1553 404 1617 que
419 1554 463 1618 ay
478 1536 558 1617 aqui
575 1553 597 1616 y
613 1552 658 1597 en
674 1531 817 1598 Toled0.

258 1649 327 1716 Sea
343 1648 374 1714 al
392 1649 503 1716 Sertor
519 1648 550 1712 la
567 1646 676 1733 gloria
691 1668 714 1731 y
734 1649 842 1713 honra
858 1647 901 1714 de
919 1648 1011 1713 todo.
1032 1649 1146 1715 Amen
1165 1652 1188 1713 ⁷.

945 1854 1083 1920 X.⁰unc
1107 1854 1243 1921 Loprz.

246 2039 261 2077 u
298 2021 432 2095 puaiese.

246 2178 256 2207 ¹
294 2174 396 2245 Imago
408 2172 533 2245 depicta,
550 2172 634 2244 cujus
646 2172 798 2228 historiam
812 2173 964 2245 hucusque
977 2171 1229 2243 adumbravimus,
1243 2181 1380 2228 servatur
1393 2173 1423 2228 in

189 2262 335 2335 Hispania
348 2280 441 2335 penes
453 2264 587 2317 alumnos
600 2260 758 2316 Societatis
771 2261 857 2332 Jesu‚
869 2271 959 2334 atque
977 2278 1014 2315 ex
1032 2279 1067 2316 ea
1084 2261 1195 2334 aliquot
1212 2262 1321 2317 abhinc
1339 2261 1423 2317 annis

187 2351 361 2423 exemplum
374 2349 637 2423 photographicum
649 2366 822 2422 expressum
835 2358 893 2421 est,
906 2349 985 2423 quod
998 2349 1064 2405 usui
1078 2350 1164 2406 nobis
1177 2348 1233 2405 fuit
1247 2350 1285 2405 ad
1298 2348 1424 2405 educen-

189 2440 259 2495 dam
271 2440 475 2512 phototypiam
488 2439 519 2495 in
531 2438 629 2495 fronte
642 2439 765 2510 hujusce
778 2437 936 2493 voluminis
949 2440 1134 2495 collocatam.
1149 2438 1263 2495 Novam
1277 2447 1376 2496 autern
1386 2456 1423 2493 ex
1516 2468 1519 2473 ·

188 2530 256 2602 ipsa
268 2528 397 2600 imagine
410 2529 651 2601 photographiam
663 2527 790 2583 educere
803 2528 960 2605 noluimus,
973 2528 1041 2600 quia
1051 2545 1118 2583 cum
1132 2544 1240 2601 paucos
1254 2536 1323 2584 ante
1333 2544 1425 2584 annos

190 2620 242 2675 illa
258 2618 415 2674 restaurari
433 2626 538 2691 coepta
555 2628 650 2686 esset,
669 2617 757 2690 atque
771 2616 813 2672 ad
830 2616 895 2688 ejus
913 2617 1135 2672 renovationem
1153 2626 1274 2673 extenta
1296 2634 1424 2690 papyrus

187 2707 307 2779 fuisset,
320 2708 350 2763 in
364 2724 421 2780 qua
434 2707 531 2778 imago
544 2706 661 2779 depicta
674 2705 853 2777 continetur,
868 2723 927 2761 non
940 2706 1031 2762 refert
1046 2708 1107 2777 jam
1125 2706 1250 2779 amplius
1268 2708 1347 2763 illam
1362 2708 1423 2761 vul·

190 2806 241 2853 tua
253 2797 431 2853 suavitatem
444 2797 694 2870 serenitatemque
706 2795 807 2863 animi,
818 2812 906 2869 quarn
916 2794 1037 2868 antiqua
1047 2812 1116 2869 prae
1126 2812 1159 2850 se
1173 2794 1298 2865 serebat,
1309 2795 1425 2851 etiamsi

185 2893 345 2957 corrugata
359 2886 510 2959 paululum
523 2902 652 2958 papyrus
666 2886 779 2952 orbem,
793 2894 883 2956 caput
896 2884 954 2939 Sti.
973 2883 1081 2954 Ignatii
1099 2883 1341 2955 circumdantem,
1354 2899 1425 2938 non-

192 2974 265 3030 nihil
278 2974 443 3030 deformare
458 2974 603 3030 videatur.

244 3062 332 3119 Circa
344 3064 536 3121 veracitatem
549 3071 647 3117 autem
661 3062 784 3135 hujusce
803 3061 941 3133 imaginis
958 3061 1026 3117 vide
1044 3063 1085 3117 eia
1103 3072 1277 3133 argumenta
1294 3063 1382 3118 allata
1394 3062 1425 3119 in

184 3170 280 3227 opere
295 3151 405 3208 Carras
421 3154 459 3209 de
477 3152 541 3208 Son
558 3152 696 3225 Ignacio,
714 3160 736 3206 t.
755 3152 779 3223 1,
800 3168 883 3223 pags.
902 3164 965 3221 407,
986 3150 1052 3223 408,
1070 3149 1100 3207 in
1119 3152 1309 3207 annotatione
1329 3150 1424 3206 textui

188 3240 338 3313 subjecta.
