3500 5367
391 446 446 519 484
770 444 980 505 Moridunum
998 446 1180 502 lenimus

355 600 524 670 iacentem
550 598 751 681 inuenisset,
774 623 819 669 ex
839 601 982 686 regulae
1001 601 1210 687 praescripto
1230 600 1408 670 culcitram
1425 600 1458 669 ei
1475 622 1565 688 vsque

355 718 399 785 ad
420 715 552 803 cinguli
573 717 687 781 locum
711 713 927 784 detrahebat.
957 717 1171 803 Campanula
1192 715 1275 784 satis
1301 738 1425 784 sonora
1444 719 1515 803 (qua
1529 718 1564 783 ad

294 852 297 861 ·
356 836 450 901 hunc
467 853 576 917 vsque
602 830 693 901 diem
710 830 746 898 in
766 832 870 899 domo
894 833 1047 918 professa
1074 854 1217 899 romana
1243 836 1400 917 utuntur)
1414 842 1494 913 erat,
1509 852 1565 917 qua

309 981 315 993 ·
357 960 441 1029 tunc
455 948 699 1017 excitabantur
715 970 736 1014 a
751 968 884 1028 somno,
902 958 938 1013 et
951 949 1164 1030 uocabantur
1176 949 1221 1015 ad
1232 947 1436 1029 orationem,
1450 961 1483 1015 et
1497 969 1561 1015 exa·

356 1062 461 1145 mina,
480 1074 515 1129 et
531 1084 697 1145 mensam3
715 1085 868 1150 appensa
887 1062 978 1131 enim
998 1074 1072 1131 erat
1091 1061 1182 1130 intra
1201 1063 1350 1149 parietes
1368 1065 1497 1143 domus,
1514 1064 1566 1129 md

355 1190 454 1247 extra
469 1176 504 1245 in
521 1200 681 1274 suprema
698 1190 794 1267 parte
810 1178 900 1245 muri
916 1181 960 1246 ad
975 1178 1089 1266 ipsum
1104 1179 1188 1246 tecti
1203 1178 1352 1246 initium.

421 1294 568 1364 Sacrum
584 1293 764 1361 audientes
780 1294 903 1362 fratres
919 1295 975 1361 vel
990 1294 1145 1362 minister
1159 1295 1216 1363 vel
1231 1293 1451 1362 subminister
1468 1295 1561 1381 quoti·

353 1408 410 1479 die
421 1408 583 1477 uisitabat
595 1406 631 1475 in
645 1410 784 1496 templo,
798 1409 902 1495 idque
913 1410 1123 1497 praescripto
1136 1411 1278 1498 regulae
1289 1410 1334 1478 ab
1347 1410 1465 1497 ipsoS.
1478 1411 1562 1496 lgna-

354 1526 402 1593 tio
418 1525 541 1607 sactae,
561 1537 599 1591 ut
615 1524 749 1593 uideret
765 1548 807 1593 an
825 1524 960 1611 aliquis,
978 1547 1096 1609 genua
1106 1528 1261 1607 flectens,
1275 1548 1418 1593 scamno
1429 1538 1484 1593 aut
1494 1546 1563 1592 crn-

353 1640 449 1708 cellis
465 1639 582 1707 altaris
599 1641 630 1727 (q
636 1642 703 1707 uod
718 1654 792 1708 erat
806 1642 968 1709 omnibus
983 1641 1141 1727 uetitum)
1157 1622 1373 1709 inniteretur.
1417 1622 1424 1634 ’

419 1755 585 1843 Quotidie
606 1754 759 1823 minister
779 1768 814 1825 et
837 1755 1059 1824 subminister
1078 1756 1295 1845 uisitaba[n]t
1316 1757 1431 1844 qmnia
1442 1776 1563 1842 prorsus

353 1872 527 1954 cubicula,
545 1882 581 1939 et
601 1872 756 1939 officinas
775 1874 912 1956 domus,
930 1884 966 1940 et
986 1873 1165 1960 templum,
1183 1884 1222 1939 ut
1237 1872 1397 1941 uiderent
1412 1896 1454 1939 an
1467 1880 1564 1939 esseut

353 1988 483 2063 munda
494 1999 529 2056 et
544 1990 634 2057 bene
650 1987 838 2074 composita
853 1986 980 2056 omnia:
997 1987 1220 2055 subminister
1230 1987 1369 2074 quidem
1382 1998 1459 2055 ante
1473 2007 1562 2073 pran-

354 2103 450 2171 dium
477 2103 592 2171 statim
621 2112 697 2190 post
724 2100 871 2191 primum
897 2126 1045 2186 sacrum;
1071 2104 1226 2173 minister
1251 2116 1369 2171 autem
1390 2114 1463 2190 post
1477 2123 1562 2189 pran-

354 2219 464 2303 dium,
494 2220 693 2306 praesertim
718 2231 756 2287 ut
783 2218 918 2291 uideret
944 2244 989 2288 an
1016 2219 1121 2305 aliqui
1148 2232 1286 2307 tempus
1312 2221 1499 2306 perderent,
1518 2216 1562 2285 uel

356 2336 467 2406 otiosa
481 2337 667 2421 loquendo,
686 2336 743 2403 uel
757 2336 970 2417 dormiendo,
989 2337 1046 2404 uel
1061 2335 1129 2403 alio
1139 2337 1253 2403 modo.

422 2450 586 2537 Quotidie
602 2452 781 2519 dicebatur
797 2452 902 2519 missa
918 2452 1031 2538 aliqua
1047 2473 1109 2539 pro
1131 2451 1423 2532 benefactoribus,
1437 2462 1470 2521 et
1481 2469 1563 2537 prae·

354 2578 450 2637 terea
465 2566 531 2635 alia
547 2568 671 2653 queuis
687 2568 905 2637 hebdomada
918 2579 955 2637 et
969 2568 1038 2635 alio
1054 2567 1179 2654 quouis
1193 2590 1313 2637 mense
1325 2591 1389 2655 pro
1404 2568 1524 2636 iisdem.

422 2684 502 2752 Non
517 2682 643 2753 licebat
664 2682 853 2751 clauiculos
872 2706 971 2752 muro
998 2683 1144 2771 infigere
1170 2682 1246 2753 sine
1271 2684 1422 2764 licentia,
1443 2702 1502 2751 nec
1513 2702 1563 2747 ex·

355 2802 493 2869 trahere
509 2798 644 2867 infixos.

418 2916 512 2985 lnter
524 2936 627 2983 casus
640 2928 836 2991 reseruatos
847 2926 921 2984 erat
932 2916 1268 3002 quoduispeccatum
1281 2908 1425 2982 mortale
1435 2912 1561 2983 actuale.

354 3032 438 3097 Item
455 3029 578 3116 siquis
598 3032 656 3099 uel
677 3030 852 3099 minimam
869 3052 942 3099 rem
969 3031 1158 3118 accepisset
1177 3030 1252 3098 sine
1274 3030 1425 3112 licentia,
1451 3026 1562 3097 etiamsi

351 3156 444 3215 esset
461 3166 530 3213 vna
545 3168 670 3233 penna.
689 3149 774 3215 Item
791 3146 820 3214 si
847 3146 926 3235 quis
952 3148 1177 3214 confiteretur
1202 3158 1302 3214 extra
1328 3146 1476 3213 domum.
1493 3146 1562 3211 lten

352 3260 497 3347 quaeuis
511 3261 678 3349 cogitatio
693 3263 883 3333 deliberata
908 3274 1029 3330 contra
1056 3262 1264 3332 Societatem
1292 3265 1349 3333 uel
1376 3262 1563 3349 superiorem

352 3376 428 3445 eius
444 3390 504 3445 aut
517 3388 637 3444 contra
654 3378 868 3447 vocationem
886 3357 998 3463 suam,
1016 3379 1045 3446 si
1061 3390 1153 3447 esset
1165 3378 1311 3446 alicuius
1325 3376 1493 3446 momenti.

419 3492 556 3578 Quouis
571 3514 689 3562 mense
705 3492 962 3561 sindicabantur
978 3517 1097 3561 omnes
1112 3494 1303 3578 domestici,
1317 3493 1421 3565 etiam
1435 3494 1501 3581 ipse
1514 3510 1562 3559 su·

351 3607 476 3693 perior,
491 3610 556 3675 hoc
572 3609 688 3677 modo.
705 3610 832 3679 Vltima
844 3610 901 3679 die
913 3611 1040 3678 mensis
1055 3610 1218 3677 monebat
1231 3633 1352 3679 omnes
1367 3611 1521 3690 minister,
1531 3614 1564 3670 ut

352 3724 462 3811 primo
484 3726 539 3791 uel
561 3723 626 3792 25¹⁰
648 3725 703 3794 die
724 3725 851 3793 mensis
870 3725 1047 3812 sequentis
1067 3724 1212 3811 quilibet
1227 3726 1393 3795 scriberet
1415 3726 1560 3799 detectus,

351 3840 410 3908 uel
436 3838 578 3925 aliquid,
597 3841 691 3925 quod
719 3840 753 3909 ln
782 3840 857 3909 aliis
883 3850 1048 3909 notasset.
1071 3843 1126 3909 De
1151 3840 1227 3928 ipso
1253 3839 1442 3928 superiore,
1457 3838 1486 3907 si
1501 3835 1565 3922 quis

349 3954 480 4041 aliquid
501 3966 667 4041 notasset,
691 3955 836 4043 quilibet
857 3958 914 4024 uel
940 3957 1070 4044 scripto
1083 3958 1144 4026 uel
1164 3968 1327 4053 oretenus
1346 3954 1563 4024 manifestabat

350 4071 406 4139 uel
433 4070 602 4153 ministro,
634 4072 689 4141 uel
721 4071 919 4153 secretario,
950 4073 1006 4139 uel
1031 4071 1132 4140 alicui
1152 4072 1251 4139 alteri
1270 4071 1409 4139 maioris
1423 4064 1563 4139 momenti

350 4185 457 4267 Patri,
488 4208 599 4273 aquo
626 4186 752 4257 deinde
780 4187 985 4255 dicebantur
1011 4186 1178 4275 superiori
1204 4186 1268 4274 ipsi
1294 4198 1415 4255 notata
1433 4187 1472 4254 in
1495 4202 1563 4252 eoa

346 4301 508 4387 subditis,
527 4325 596 4369 non
619 4303 778 4371 indicatis
801 4316 916 4372 tamen
938 4304 1106 4391 personis,
1127 4302 1187 4390 qui
1207 4302 1335 4397 aliquid
1356 4305 1394 4371 in
1413 4298 1562 4389 superiore

347 4428 522 4486 notarent.

410 4535 489 4603 Non
512 4533 639 4604 licebat
663 4536 852 4607 conuenire
876 4535 1135 4605 coadiutoribus
1157 4536 1201 4605 ad
1222 4536 1406 4623 colloquia,
1427 4532 1460 4601 in
1480 4534 1562 4598 horto

344 4649 400 4717 uel
423 4648 622 4734 ambitibus,
643 4652 800 4740 pluribus
824 4674 928 4739 quam
949 4654 1100 4736 duobus3
1118 4663 1253 4741 poterat
1272 4663 1389 4723 tamen
1409 4647 1518 4720 tertius
1532 4662 1563 4707 se
