3500 5367
391 464 444 531 652
769 464 980 519 Mouuuanm
998 462 1179 519 Iosarrmm

351 616 464 697 dest0,
483 616 515 683 ia
530 619 640 686 hecha
664 616 866 704 protessidn,
885 622 905 682 a
932 616 1019 683 cabo
1034 615 1079 683 de
1094 616 1157 682 dos
1184 625 1282 697 anos,
1302 619 1350 683 M.
1374 615 1501 703 ignatio
1514 619 1564 683 ha·

351 730 480 798 bla'ndo
496 739 517 799 a
532 734 564 799 la
581 736 688 801 Roser
703 732 732 800 si
748 734 781 801 le
796 729 1006 819 pareseiesse
1021 751 1090 816 que
1106 736 1194 799 seria
1211 732 1289 798 bien
1306 754 1376 817 que
1390 730 1498 800 diesne
1511 751 1564 799 200

238 892 242 905 ·
352 847 479 915 scudos
500 871 545 916 en
574 851 762 917 Barcelona
791 871 873 935 para
889 849 923 915 la
945 849 1029 914 obra
1043 847 1088 914 de
1103 847 1155 914 los
1182 850 1410 931 muchachos,
1439 850 1565 935 despuis

349 962 450 1029 desto
466 966 610 1031 estando
626 965 659 1031 la
674 966 785 1033 Roser
801 985 845 1032 en
861 975 960 1031 santa
975 964 1125 1043 Martha,
1143 985 1210 1049 que
1225 984 1264 1029 es
1279 964 1311 1030 el
1324 963 1522 1031 monasterio
1531 966 1565 1030 de

352 1078 402 1144 las
415 1079 654 1161 ConuertidaS‚
669 1080 870 1149 deziendole
886 1079 918 1145 la
931 1081 1039 1147 Roser
1054 1085 1075 1145 a
1088 1081 1135 1145 Μ.
1150 1078 1285 1167 Ignatio
1297 1102 1366 1165 que
1377 1078 1564 1166 dispusiesse

352 1195 395 1261 de
411 1216 452 1261 su
465 1195 588 1274 anima,
607 1196 650 1263 de
666 1219 707 1262 su
724 1217 871 1283 persona
886 1217 910 1281 y
924 1197 968 1262 de
979 1216 1040 1261 sus
1052 1194 1184 1276 bienes,
1202 1217 1225 1280 y
1242 1198 1289 1263 M.
1305 1196 1439 1283 ignatio
1451 1195 1561 1262 dizidn

348 1310 443 1376 dole:
473 1310 650 1397 supposito
679 1333 746 1397 que
769 1311 814 1391 iu,
833 1310 868 1377 ni
888 1312 922 1378 la
949 1332 1041 1392 casa,
1059 1310 1095 1377 ni
1116 1312 1148 1378 la
1171 1312 1363 1397 Compadla
1387 1312 1566 1378 nuestrade

352 1435 491 1492 vuestra
507 1426 673 1493 hazienda
690 1450 735 1491 no
751 1428 797 1492 ha
817 1428 861 1493 de
877 1438 987 1493 tomar
1003 1447 1085 1492 cosa
1105 1428 1246 1513 alguna,
1269 1428 1333 1493 hos
1349 1426 1423 1493 dire
1443 1427 1476 1493 lo
1489 1424 1564 1515 [quel

315 1562 318 1566 ·
349 1561 405 1607 me
419 1562 560 1627 patesce
576 1543 608 1606 al
628 1552 801 1628 presente,
824 1564 847 1627 y
867 1564 917 1621 es
942 1563 1010 1627 que
1026 1564 1089 1629 por
1109 1543 1160 1609 las
1181 1543 1327 1609 muchas
1343 1541 1562 1609 necessidades

347 1678 418 1740 que
433 1677 517 1742 veys
532 1678 574 1723 en
588 1670 686 1725 santa
703 1661 850 1739 Martha,
869 1682 892 1745 y
909 1678 977 1744 que
993 1642 1092 1724 tanto
1108 1680 1147 1727 se
1162 1658 1361 1725 edificarian
1382 1658 1426 1724 de
1445 1670 1563 1723 vuestra

350 1794 506 1857 persona,
524 1773 698 1842 diessedes
714 1778 812 1841 hasta
830 1794 896 1841 200
911 1774 1040 1841 scudos
1055 1780 1076 1841 a
1091 1784 1183 1841 estas
1204 1776 1327 1860 pobres
1348 1771 1560 1841 conuertidas.

350 1890 507 1974 Despues
522 1889 632 1970 dest0,
644 1891 798 1975 'algunos
814 1892 1000 1976 mancebos
1013 1863 1059 1957 de
1074 1910 1117 1975 su
1133 1890 1236 1958 tierra
1251 1891 1284 1958 le

944 2082 1000 2161 54

524 2212 586 2278 DE
616 2213 829 2281 NEGOTIO
862 2210 1191 2280 ELISABETHAE
1224 2210 1375 2277 ROSER
1404 2210 1414 2249 ¹

756 2516 780 2567 Ι
933 2387 1010 2494 riis

418 2583 535 2652 Fidem
553 2586 639 2651 facio
656 2608 735 2673 eg0‚
754 2588 908 2654 notarius
924 2586 1175 2672 infrascriptuS,
1194 2584 1342 2670 qualiter
1357 2584 1563 2650 inactisoeu-

349 2722 408 2768 sae
426 2698 591 2768 uertentis
608 2702 696 2771 inter
709 2704 749 2769 R.
771 2705 815 2770 D.
835 2703 1019 2789 Ignatium,
1038 2700 1271 2788 praepositum
1287 2698 1491 2768 venerabilis
1509 2698 1563 2766 So·

348 2814 486 2883 cietatis
507 2818 583 2885 lesu
600 2817 643 2883 de
660 2818 766 2897 Urbe,
785 2840 825 2885 ac
842 2818 950 2905 ipsam
974 2818 1194 2897 Societatem,
1217 2838 1280 2886 seu
1302 2816 1387 2883 alias
1407 2838 1450 2883 ex
1470 2812 1563 2881 officio

348 2953 393 2998 ex
415 2952 494 3012 una,
513 2943 548 2998 et
567 2933 740 3001 dominam
769 2910 981 3002 Hisabellam
1010 2936 1128 3013 Roser‚
1158 2933 1298 3000 viduam
1325 2932 1564 2999 barchinonen·

326 3060 329 3069 '
350 3069 434 3126 sem,
453 3048 496 3113 de
512 3060 547 3115 et
558 3070 661 3135 super
677 3049 882 3134 quibusdam
898 3048 1192 3116 diffamationibus
1213 3050 1387 3134 rebusque
1407 3046 1481 3114 aliis
1493 3056 1562 3119 ete,

350 3174 451 3248 prout
463 3162 498 3229 in
511 3163 611 3231 dictis
623 3164 710 3231 actis
725 3186 852 3232 causae
863 3164 1030 3253 partibus
1045 3184 1087 3231 ex
1100 3166 1220 3246 altera,
1234 3164 1405 3251 reperitur
1418 3162 1565 3249 quaedam

348 3280 495 3347 coedula
511 3280 716 3366 subscripta,
736 3292 774 3347 ut
791 3280 826 3347 in
841 3302 881 3347 ea
899 3279 1039 3367 legitur,
1054 3302 1158 3347 manu
1174 3280 1286 3347 dictae
1301 3280 1462 3346 dominae
1477 3275 1566 3344 Hisa-

352 3395 462 3463 bellae
478 3395 542 3461 sub
558 3395 614 3463 die
630 3394 835 3464 duodecima
857 3407 872 3435 ⁸
887 3395 1065 3464 Februarii
1085 3412 1181 3479 1547,
1197 3417 1258 3481 per
1274 3394 1384 3480 ipsam
1411 3392 1565 3460 dominam

353 3510 563 3577 Hisabellam
580 3510 769 3597 recognita,
788 3510 965 3597 sequentis
981 3510 1121 3591 tenoris,
1136 3509 1313 3579 videlicet:

422 3627 507 3708 «Yo,
526 3626 702 3695 Hisabella
719 3629 859 3707 Rosera,
875 3628 979 3694 vidua
991 3627 1035 3694 de
1049 3628 1250 3708 Barcelona,
1265 3628 1425 3694 confesso
1436 3627 1497 3693 che
1507 3641 1565 3687 non

351 3742 398 3807 lto
413 3740 493 3807 dato
505 3740 615 3807 dinari
632 3744 676 3809 ne
692 3743 802 3809 robba
817 3744 886 3810 mia
905 3742 962 3809 alli
985 3742 1072 3829 preti
1092 3743 1183 3810 della
1203 3740 1419 3828 Compagnia
1445 3742 1487 3806 de
1496 3740 1565 3827 Jesu

348 3856 392 3921 de
408 3858 516 3922 Roma
531 3878 593 3941 per
607 3858 852 3926 subornatione
863 3860 949 3939 loro,
968 3859 1011 3924 ne
1025 3857 1314 3944 importunatione
1329 3878 1351 3923 o
1368 3854 1565 3928 inductione,

349 3982 385 4037 et
397 3994 434 4039 se
449 3972 572 4038 alcuna
588 3974 634 4038 ho
646 3974 738 4054 dat0‚
761 3975 784 4038 l’
803 3976 847 4040 ho
868 3975 950 4041 data
964 3995 1025 4061 per
1053 3977 1161 4040 amor'
1180 3974 1224 4039 de
1238 3972 1319 4053 Dio,
1336 3984 1374 4041 et
1393 3973 1437 4040 de
1458 3969 1519 4037 mia
1532 3968 1566 4033 li-

348 4088 429 4155 bera
440 4088 593 4164 volunta
608 4099 642 4155 et
654 4089 767 4174 quelle
779 4088 930 4169 insamie,
940 4090 1046 4155 chela
1059 4099 1165 4175 gente
1176 4086 1300 4154 dicono
1312 4109 1334 4155 o
1346 4090 1479 4174 potran'
1491 4084 1564 4159 dire,

357 4210 555 4221 ...———-

401 4280 414 4307 u
451 4266 506 4319 sub
518 4264 567 4320 die
580 4266 664 4321 xxu
678 4267 770 4322 aller.
784 4268 911 4333 archet.;
923 4267 979 4321 sub
992 4264 1041 4321 die
1053 4264 1229 4320 duodecima
1244 4262 1316 4320 Cod.
1331 4264 1471 4321 Mecltlin.

403 4416 409 4447 ¹
449 4416 493 4471 Ex
507 4416 668 4488 archetypo
680 4417 711 4471 in
727 4415 799 4471 Cnd.
815 4417 903 4471 Rom.
918 4413 960 4481 ΙΙ,
979 4434 1012 4471 n.
1030 4416 1153 4484 XXXV,
1167 4414 1285 4471 duobus
1298 4413 1390 4471 foliis.
1404 4414 1466 4471 Sub
1477 4410 1564 4468 eodem

346 4521 470 4560 numero
481 4504 561 4560 aliud
575 4514 672 4561 exstat
682 4504 826 4576 originale
836 4506 988 4577 exemplar
1001 4514 1032 4559 et
1044 4504 1124 4561 aliud
1133 4504 1344 4577 apographum,
1358 4511 1391 4559 et
1403 4496 1567 4573 unumquod-

344 4610 405 4665 que
418 4593 527 4665 duplici
541 4602 657 4649 constat
671 4594 753 4650 folio.
773 4594 907 4651 Habetur
924 4594 1014 4649 etiarn
1036 4583 1237 4666 apographum
1251 4592 1281 4648 in
1302 4592 1377 4647 Coa.
1400 4592 1530 4647 noctuin-
1542 4585 1563 4646 b

350 4699 383 4736 n.
402 4682 447 4736 26.
958 4702 968 4722 0
