3500 5367
306 458 309 465 .
410 382 499 463 592⁵
789 395 998 451 Mouuueurn
1017 394 1195 449 leuantur
1280 435 1283 440 .

264 578 265 581 ¹
367 553 434 632 'pro
450 547 596 631 clericis,
614 546 773 617 videlicet
801 558 977 614 tonsuram
1000 557 1035 615 et
1058 556 1172 613 vestes
1198 544 1397 634 clelricales]
1426 549 1574 617 decentes

371 664 461 731 Cum
476 674 571 731 certo
585 664 739 749 prelatus
755 666 893 732 Enecus
908 673 1061 749 tempore
1076 661 1466 730 dictorum-excessuum
1481 676 1512 733 et
1524 664 1576 731 cu'·

371 778 501 847 minum
517 788 790 867 perpetratorum
809 789 875 847 pet
892 780 1000 846 multo
1015 788 1097 847 ante
1116 800 1186 843 non
1206 800 1244 846 se
1263 791 1403 865 gereret
1422 778 1458 846 in
1476 781 1575 849 habitu

369 894 541 977 clericalli,
559 917 623 962 nec
651 895 823 963 detullerit
850 906 1028 961 tonsuram
1049 905 1084 960 et
1106 902 1221 962 vestes
1241 894 1439 976 clericelleS,
1456 912 1574 983 apparet

371 1014 460 1099 quod
476 1032 545 1078 non
561 1012 684 1080 debeat
700 1011 852 1097 gaudere
867 1010 996 1095 alliquo
1011 1008 1205 1096 priuillegio
1221 1010 1395 1077 clericalli.

433 1127 593 1213 Amplius
608 1126 712 1194 etiam
726 1125 840 1192 dictus
855 1135 1067 1212 procurator,
1085 1124 1224 1192 nomine
1239 1146 1308 1211 quo
1329 1148 1444 1213 supra,
1467 1128 1572 1213 allegat

365 1254 401 1311 et
417 1242 511 1325 dicit,
529 1244 623 1329 quod
639 1242 766 1310 eisdem
783 1239 1087 1308 constitutionibus
1101 1240 1325 1309 sinodallibus
1340 1242 1483 1310 diocesis
1493 1266 1571 1329 pam-

364 1358 563 1449 pilonensiS,
582 1368 617 1427 et
636 1370 651 1409 ‘¹
669 1356 864 1445 specialiter
885 1355 1130 1424 constitutione
1149 1355 1307 1423 sinodalli
1325 1357 1434 1426 editta
1452 1380 1510 1445 per
1521 1360 1571 1425 do

363 1475 493 1542 minum
510 1476 555 1543 A.
574 1472 793 1542 cardinallem
808 1495 900 1542 anuo
912 1475 980 1540 M.⁰
993 1473 1257 1555 CCCC.XClX,
1271 1473 1465 1560 incipiente:
1483 1477 1569 1542 ritem

359 1592 578 1677 quamplures
598 1588 713 1657 clerici
736 1587 922 1656 tonsurati»
940 1600 1023 1668 etc.,
1048 1599 1192 1657 cauetur
1212 1598 1248 1657 et
1267 1587 1472 1674 continetur,
1490 1593 1567 1677 quod

358 1706 474 1775 clerici
492 1704 672 1785 tonsurati,
691 1704 766 1774 siue
781 1702 958 1791 conjugati
978 1698 1053 1770 siu'e
1068 1722 1139 1769 non
1154 1703 1342 1791 conjugati,
1361 1706 1421 1790 qui
1434 1706 1568 1793 priuille·

358 1823 418 1910 gio
435 1820 606 1889 volueriut
626 1822 791 1907 gaudere,
809 1840 847 1887 se
864 1816 1015 1886 habeant
1035 1829 1232 1904 presentare
1252 1840 1330 1886 cum
1352 1820 1472 1889 litteris
1489 1822 1566 1888 ordi·

358 1959 441 2005 num
457 1958 598 2005 suorum
614 1956 729 2003 coram
745 1934 884 2001 domino
899 1933 1028 2000 vicario
1042 1934 1209 2020 generalli
1225 1937 1281 2003 uel
1296 1936 1433 2004 officiali
1452 1938 1565 2023 pampi-

357 2054 501 2134 lonensi,
520 2063 559 2118 ut
585 2050 859 2119 matricullentur
884 2060 920 2116 et
946 2060 1119 2136 ponantur
1133 2049 1170 2116 in
1190 2049 1338 2137 registro
1364 2052 1488 2120 domini
1504 2054 1563 2139 epi-

355 2168 449 2256 scopi
471 2189 531 2235 seu
559 2166 819 2235 secretariorum
846 2165 1014 2251 ejusdem3
1038 2176 1075 2233 et
1099 2165 1215 2233 subdit
1237 2167 1359 2235 eadem
1387 2169 1563 2235 constitutio

353 2306 489 2371 penam,
507 2282 625 2351 dicens
640 2284 702 2351 sic:
724 2280 870 2351 «Scituri
886 2281 979 2367 quod
990 2281 1199 2366 quicumque
1213 2281 1331 2350 clerici
1341 2284 1489 2369 predicte
1501 2284 1561 2351 dio-

353 2398 453 2482 cesis,
471 2399 529 2485 qui
546 2421 615 2465 non
631 2396 844 2484 reperiantur
859 2396 895 2462 in
911 2396 1067 2483 registris
1082 2396 1237 2483 preffatis
1250 2397 1384 2484 scripti,
1398 2420 1466 2467 uon
1476 2422 1560 2486 repu-

353 2518 518 2583 tabuntur
534 2537 595 2601 pro
611 2512 756 2595 clericis,
775 2534 889 2598 neque
904 2513 1066 2581 defendet
1081 2534 1141 2581 eos
1160 2513 1340 2582 ecclesia.»
1363 2516 1454 2583 Cum
1472 2515 1558 2604 igitur

350 2632 517 2718 pressatus
533 2634 669 2698 Enecus
685 2631 727 2696 de
740 2630 882 2715 Layola,
900 2648 993 2709 reus,
1006 2650 1044 2697 se
1060 2628 1207 2715 gesserit
1217 2651 1281 2716 pro
1295 2629 1386 2698 laico
1398 2655 1458 2718 per
1471 2653 1556 2700 annos

349 2759 385 2817 et
408 2768 562 2816 mensses
585 2747 712 2833 plures,
731 2743 897 2831 depositis
920 2755 1079 2838 tonssura
1100 2756 1136 2811 et
1159 2744 1314 2813 vestibus
1336 2746 1552 2825 clericalibus,

348 2862 544 2932 immiscens
557 2862 700 2947 insuper
716 2859 870 2947 negociis
886 2859 1113 2929 secullaribus
1128 2870 1162 2929 et
1183 2859 1323 2927 minime
1345 2862 1456 2929 ordini
1474 2862 1553 2932 cleri-

348 2977 425 3045 calli
441 2974 808 3056 condescendentibus,
831 2986 866 3045 et
886 2975 1064 3063 signanter
1084 2975 1265 3043 consueuit
1285 2976 1445 3047 incedere
1462 2998 1553 3045 arma·

348 3108 404 3163 tus
420 3094 538 3177 lorica,
557 3092 742 3173 toracibus,
762 3091 862 3172 tellis,
888 3090 1032 3158 ballistis
1050 3102 1085 3159 et
1105 3090 1265 3160 omnibus
1284 3092 1374 3159 alliis
1391 3093 1551 3180 generibus

344 3325 409 3407 cie,
428 3326 574 3392 induens
589 3346 628 3393 se
643 3323 764 3390 inlulla
780 3322 916 3392 millicie
933 3322 1119 3391 secullaris.
1140 3324 1183 3389 Et
1199 3323 1340 3412 insuper
1360 3324 1471 3406 etiam,
1487 3323 1549 3410 quir

344 3463 415 3508 non
431 3440 600 3527 reperitur
614 3460 740 3509 nomen
756 3438 911 3508 eiusdem
927 3438 1091 3525 scriptum
1108 3437 1144 3504 in
1159 3437 1246 3506 libro
1258 3441 1429 3527 predicto,
1442 3462 1499 3508 nec
1509 3452 1549 3508 est

343 3556 602 3637 matricullatuS,
620 3577 685 3623 nec
697 3555 832 3622 curauit
843 3552 1078 3648 matricullari,
1092 3566 1233 3642 apparet
1244 3556 1324 3625 luce
1338 3557 1463 3625 clarius
1472 3555 1548 3643 quod

341 3693 411 3739 non
424 3683 475 3741 est
491 3672 620 3758 dignus
635 3674 778 3757 laqueys
794 3680 913 3739 sancte
928 3669 1047 3737 matris
1062 3670 1207 3739 ecclesie
1222 3668 1394 3756 innodari,
1413 3694 1472 3742 nec
1486 3682 1549 3758 pot·

340 3799 393 3855 est
409 3789 466 3857 uel
481 3788 584 3855 debet
599 3787 752 3873 gaudere
767 3786 1008 3871 quoquomodo
1029 3784 1156 3872 alliquo
1178 3785 1374 3874 priuillegio
1394 3784 1545 3856 clerimlli:

339 3904 394 3971 lex
410 3903 502 3971 enim
518 3905 668 3989 denegat
688 3901 719 3971 ei
735 3902 820 3970 illud
847 3900 1065 3981 beneficium,
1093 3922 1173 3968 curn
1194 3901 1269 3988 ipsa
1295 3902 1352 3971 lex
1367 3902 1471 3991 possit
1484 3901 1544 3969 cui·

337 4040 485 4108 cumque
500 4019 674 4107 denegare
688 4038 790 4085 suum
810 4016 1016 4086 beneficium
1036 4015 1126 4083 sicut
1146 4027 1181 4084 et
1200 4017 1295 4087 dare.
1316 4020 1360 4085 Et
1381 4018 1429 4085 sic
1447 4028 1541 4086 vestu

335 4134 522 4204 dominatio
543 4156 613 4202 non
634 4117 671 4202 se
698 4134 801 4203 debet
821 4131 1048 4201 intromittere
1069 4132 1161 4208 circa
1187 4132 1420 4222 cognitionem
1437 4131 1537 4200 huius·

335 4250 426 4319 modi
447 4270 651 4321 excessuum
671 4260 707 4319 et
726 4248 921 4329 criminum,
942 4269 1005 4334 per
1024 4248 1154 4315 dictum
1174 4250 1329 4317 Enecum
1349 4258 1535 4338 perpetrato

333 4390 410 4435 rum
425 4378 459 4437 et
475 4367 746 4449 commissorum,
760 4387 840 4452 ymo
855 4366 959 4435 debet
973 4366 1133 4433 eumdem
1150 4366 1303 4435 Euecum
1324 4367 1472 4437 remitere
1480 4382 1531 4449 pu·

382 4634 397 4673 r>
434 4637 482 4693 pp.
501 4619 644 4691 rum[sr'c]
659 4636 713 4675 ms.
751 4634 802 4673 —u
821 4618 997 4689 Sequuntur
1010 4618 1148 4673 undecim
1162 4635 1266 4674 versus
1278 4618 1437 4675 obliterati.
