3500 5367
559 514 651 571 Acca
668 513 699 569 S.
719 514 844 571 Icunrn
862 528 883 569 n
903 515 936 569 Ρ.
956 513 1141 571 conservio
1391 512 1426 584 35

221 665 311 732 bam
339 666 484 735 Genuae
504 686 747 735 amanuensem
767 656 975 753 ¹hispanum,
1005 666 1131 734 dictavi
1157 665 1273 733 italice
1296 666 1343 747 id,
1369 668 1463 752 quod

222 802 368 848 mecum
385 784 493 849 Roma
509 782 694 850 afferebam
712 804 772 867 per
788 792 917 867 puncta
928 781 1107 868 scriptum,
1127 783 1270 868 ejusque
1285 781 1462 868 scriptioni

220 884 334 964 'finem
351 896 498 984 imposui
514 917 632 966 mense
647 896 830 963 Decembri
846 896 928 963 anni
944 918 1044 965 uucv
1059 898 1218 967 Genuae.

334 1095 601 1162 PRAEFATIO
626 1094 794 1162 PATRIS
819 1094 1085 1162 HIERONYMI
1107 1096 1311 1164 NATALIS
1337 1098 1360 1161 ¹.

226 1243 314 1299 Petit
326 1245 364 1299 ab
375 1244 499 1319 ignatio
510 1244 635 1299 Natalis
644 1244 718 1299 velit
725 1244 814 1300 sociis
823 1248 969 1315 exponere
979 1246 1232 1315 quemadmodum
1247 1246 1284 1299 ab
1293 1246 1383 1301 initio
1392 1263 1464 1302 suae

300 1334 505 1389 conversionis
518 1332 607 1388 illum
621 1332 775 1389 Dominus
793 1334 1079 1405 gubernasset-ld
1100 1335 1222 1389 tandem
1236 1335 1391 1404 impetrat.

299 1466 486 1535 Audieram
514 1486 594 1553 ego,
624 1477 659 1532 et
676 1465 732 1533 alii
760 1476 887 1553 patreS,
910 1488 930 1531 a
957 1468 1060 1532 Patre
1088 1475 1206 1532 nostro
1229 1465 1376 1551 ignatio,
1399 1466 1464 1533 tria

226 1581 342 1667 ipsum
359 1582 542 1668 expetiisse
558 1605 578 1649 a
593 1585 669 1651 Deo
685 1581 849 1667 consequi
865 1580 1045 1661 beneficia,
1064 1592 1248 1666 antequam
1261 1604 1303 1649 ex
1315 1584 1380 1648 hac
1393 1582 1463 1649 vita

222 1697 433 1767 discederet.
449 1697 614 1779 Primum,
632 1709 671 1764 ut
688 1696 869 1767 Societatis
886 1696 1084 1763 institutum
1108 1718 1128 1762 a
1150 1698 1241 1766 Sede
1262 1697 1463 1782 Apostolica
1526 1771 1531 1781 ,

222 1814 502 1879 confirmaretur.
521 1814 734 1893 Secundum,
750 1823 787 1878 ut
803 1812 957 1879 similiter
972 1812 1145 1879 Exercitia
1160 1812 1360 1898 spiritualia.
1376 1816 1462 1881 Ter-

223 1928 327 2009 tium,
347 1939 386 1995 ut
401 1930 633 1998 conscriberet
648 1928 935 1997 Constitutiones

296 2046 333 2111 Id
348 2067 428 2111 cum
445 2066 512 2132 ego
532 2044 780 2124 meminissem,
797 2056 832 2111 et
848 2044 1013 2125 viderem,
1037 2066 1116 2111 eum
1139 2066 1216 2113 esse
1236 2057 1461 2114 consecutum

222 2161 355 2241 munia;
374 2163 529 2243 verebar,
553 2183 598 2228 ne
614 2185 634 2229 e
650 2160 749 2226 nobis
770 2162 813 2225 ad
834 2159 1007 2227 meliorem
1030 2158 1136 2225 vitam
1157 2171 1353 2230 vocaretur.
1372 2162 1461 2229 Cum
1488 2194 1491 2201 ·

222 2286 343 2343 autem
360 2274 494 2358 scirem,
513 2274 631 2343 solitos
647 2298 722 2343 esse
745 2287 883 2342 sanctos
907 2286 1033 2361 patres,
1052 2274 1201 2342 instituti
1224 2274 1370 2361 alicujus
1387 2300 1461 2343 mo-

223 2391 350 2457 nastici
366 2403 535 2471 auctoreS,
551 2390 708 2477 posteris,
732 2390 808 2460 vice
829 2390 1036 2471 testamenti,
1059 2412 1100 2458 ea
1121 2392 1250 2458 monita
1270 2391 1461 2478 dare,.qui·

223 2510 294 2573 bus
316 2508 358 2573 ad
378 2506 515 2573 virtutis
535 2506 779 2593 perfectionem
797 2506 912 2592 juvari
939 2527 1040 2591 posse
1067 2508 1296 2575 confiderent:
1323 2519 1459 2595 tempus

222 2622 463 2702 observabam,
482 2643 550 2707 quo
567 2643 699 2709 possem
713 2622 891 2689 commode
907 2622 997 2687 idem
1014 2644 1034 2689 a
1055 2625 1097 2692 P.
1114 2622 1249 2708 Ignatin
1271 2626 1456 2710 postulare.

220 2738 386 2825 Contigit
401 2760 492 2805 anno
508 2759 609 2805 nom.
629 2759 706 2803 cum
724 2735 825 2804 simul
846 2758 1012 2817 essemus,
1027 2749 1065 2803 ut
1088 2737 1219 2807 diceret
1232 2741 1272 2804 P.
1289 2739 1455 2824 Ignafius:

159 2916 162 2921 .
223 2856 329 2920 Nunc
345 2875 412 2941 ego
426 2852 525 2920 altior
540 2854 636 2923 caelo
653 2874 763 2934 eram;
781 2846 903 2938 passus
927 2853 1069 2939 (opinor)
1091 2852 1215 2921 mentis
1231 2852 1379 2938 aliquam
1397 2874 1458 2920 ex-

222 2969 339 3049 tasim,
358 2971 412 3035 vel
428 2980 575 3055 raptum,
595 2980 634 3035 ut
655 2970 852 3053 frequenter
876 2967 1019 3036 solebat.
1043 2970 1319 3037 Venerabundus
1338 2969 1457 3037 scisci.-

201 3062 291 3153 ³tor:
316 3086 409 3170 Quid
431 3085 524 3155 istuc
539 3083 587 3153 rei
603 3094 669 3166 est,
688 3086 806 3152 Pater?
830 3086 889 3151 Ille
905 3086 948 3150 ad
964 3084 1030 3151 alia
1053 3084 1223 3189 divertere
1249 3107 1453 3153 sermonem.

222 3201 314 3266 lllud
336 3200 443 3286 igitur
458 3222 525 3287 ego
544 3212 772 3287 opportunum
800 3210 936 3286 tempus
964 3200 1175 3282 existimatu,
1198 3213 1278 3285 peto
1306 3224 1325 3268 a
1354 3205 1456 3269 Patre

215 3326 327 3401 atque
338 3316 495 3397 obsecro,
516 3326 553 3382 ut
570 3316 669 3382 nobis
681 3318 783 3385 vellet
796 3336 979 3400 exponere,
994 3318 1284 3400 quemadmodum
1298 3318 1342 3383 ab
1359 3317 1456 3385 initio

215 3452 306 3497 suae
321 3431 555 3499 conversionis
572 3430 666 3497 illum
688 3431 856 3498 Dominus
878 3431 1118 3517 gubernasset,
1142 3442 1180 3497 ut
1201 3432 1300 3498 nobis
1321 3432 1378 3499 illa
1394 3456 1455 3500 ex-

217 3546 344 3633 positio
360 3570 436 3615 esse
447 3558 563 3632 posset
575 3547 651 3613 loco
664 3548 871 3627 testamenti,
887 3558 922 3615 et
934 3559 1096 3633 paternae
1108 3547 1347 3614 institutionis.
1364 3550 1452 3615 Nam

215 3684 300 3729 cum
317 3662 364 3729 sis
386 3660 545 3748 (inquam)
576 3661 639 3729 tria
654 3662 711 3728 illa
731 3674 952 3743 consecutus,
976 3664 1091 3742 Pater,
1115 3684 1204 3747 quae
1225 3678 1306 3731 ante
1322 3663 1453 3729 obitum

218 3789 319 3844 tuum
336 3778 453 3847 videre
468 3777 681 3859 desiderasti,
700 3799 870 3858 veremur,
889 3800 933 3845 ne
950 3780 993 3843 ad
1015 3778 1146 3845 caelum
1168 3778 1215 3844 sis
1240 3780 1450 3846 evocandus

276 3930 283 3961 ¹
323 3931 367 3985 Ex
380 3947 469 4001 opere
488 3928 675 3985 bollandiano
693 3930 770 3984 Acta
792 3930 985 3997 Sanctorum,
1005 3937 1027 3985 t.
1051 3930 1106 3983 Vll
1128 3929 1211 4000 Julii,
1234 3930 1453 3985 Commentario

220 4020 350 4092 praevio,
366 4036 417 4075 nn.
432 4014 584 4091 [957]·960.
603 4019 685 4073 Haec
703 4018 780 4073 inter
799 4020 855 4073 alia
874 4019 905 4073 in
924 4018 1028 4073 eodem
1050 4035 1139 4091 opere
1162 4028 1383 4073 monumentum
1401 4036 1452 4075 no·

215 4118 314 4164 strum
325 4109 514 4181 praecedunt:
527 4108 602 4163 «Hic
609 4124 695 4181 porro
706 4108 872 4162 Ludovicus
882 4116 967 4179 gesta
978 4108 1157 4164 sanctissimi
1168 4109 1302 4162 Parentis
1312 4109 1405 4163 nostri
1415 4126 1452 4163 ex

219 4198 319 4253 animo
331 4197 397 4269 ejus
410 4196 521 4269 elicuit,
534 4206 622 4269 atque
635 4214 672 4251 ex
686 4214 736 4251 ore
759 4196 861 4251 itidem
885 4195 949 4268 ejus
966 4196 1124 4252 scribendo
1145 4197 1273 4269 excepit,
1297 4206 1329 4252 et
1350 4198 1453 4277 ultimo

218 4287 339 4359 quidem
354 4287 433 4342 vitae
446 4286 510 4358 ejus
528 4286 660 4341 biennio.
679 4286 777 4357 Quod,
799 4302 857 4357 quo
880 4286 965 4342 modo
982 4286 1152 4356 contigerit,
1168 4286 1266 4341 disces
1285 4304 1321 4341 ex
1341 4286 1453 4359 praefa-

219 4376 301 4432 tione
315 4377 345 4431 in
357 4376 415 4431 ista
429 4378 515 4447 Acta,
528 4394 604 4449 quae
617 4384 664 4430 est
676 4376 767 4446 patris
780 4376 903 4447 Natalis,
921 4375 977 4430 viri
990 4376 1021 4431 in
1040 4376 1190 4430 Societate
1206 4376 1366 4446 notissimi,
1381 4395 1398 4431 e
1413 4385 1455 4431 ta·

218 4466 335 4521 bulario
358 4466 490 4521 Romano
519 4464 652 4536 ejusdem
676 4464 833 4520 Societatis
861 4464 1017 4520 transcribi
1040 4472 1158 4534 curata,
1181 4466 1297 4537 hucque
1320 4466 1410 4520 missa
1437 4484 1455 4521 a

218 4558 251 4612 P.
263 4556 380 4627 Ignatio
391 4554 485 4624 Pinio;
496 4556 546 4627 qui
556 4555 723 4627 apographo
732 4562 834 4609 nostro
844 4554 995 4623 adscribit,
1008 4554 1221 4626 praefationem
1232 4554 1311 4609 illam
1323 4555 1453 4609 limatam

217 4662 286 4700 esse
300 4643 439 4711 secundis
451 4644 530 4699 curis
542 4646 581 4699 ab
597 4644 661 4715 ipso
673 4642 783 4713 Natali,
796 4660 884 4697 manu
904 4643 1030 4716 propria3
1044 4643 1114 4713 sibi,
1128 4642 1233 4715 inquit,
1253 4652 1324 4698 nota
1337 4660 1374 4697 ex
1388 4644 1456 4698 aliis

220 4734 313 4806 ipsius
324 4732 472 4805 scriptis»
