3500 5367
288 476 321 532 14
665 462 871 517 Monunsnrx
891 462 1071 515 luuxrrxna

245 615 398 695 codices,
417 614 532 681 statim
548 613 777 692 describendi,
796 622 830 681 et
851 612 982 681 indices
1005 612 1111 680 totius
1134 612 1317 679 voluminis
1337 612 1482 681 exhibe-

248 731 346 797 bunt.
367 732 454 797 Illud
471 730 630 797 universe
645 728 829 796 dicendum
845 740 911 808 est,
926 750 1002 808 noS,
1017 749 1096 795 cum
1112 728 1299 794 viderimus
1316 727 1408 794 haud
1424 749 1480 795 se·

250 846 329 925 mel,
344 866 433 931 quae
449 847 492 911 ab
511 867 578 911 uno
591 844 682 911 dicta
698 855 814 913 essent
826 841 869 910 ab
882 843 957 911 aliis
968 843 1071 912 etiam
1083 842 1163 923 dici,
1176 844 1345 930 pluraque
1358 844 1448 910 facta
1460 865 1480 909 a

249 960 364 1027 multis
385 960 504 1027 iisdem
524 961 631 1029 ferme
651 959 766 1026 verbis
782 958 925 1039 narrari,
943 958 1153 1027 dubitavisse
1169 959 1381 1043 aliquantum
1397 958 1480 1043 quid

249 1078 343 1141 iactu
361 1098 447 1163 opus
462 1086 565 1156 esset,
587 1086 700 1141 utrum
716 1074 894 1160 expediret
909 1072 951 1143 ea
962 1074 1103 1140 omnino
1116 1073 1252 1141 silentio
1264 1072 1479 1159 praetermit-

245 1192 287 1271 ti,
303 1203 362 1258 aut
379 1192 525 1260 resecari
535 1191 605 1277 jam
623 1190 727 1270 edita,
742 1202 777 1258 et
792 1212 882 1257 nova
896 1182 1087 1271 dumtaxat,
1107 1212 1195 1275 quae
1211 1192 1365 1256 nondum
1381 1190 1481 1258 evul-

248 1320 330 1395 gata
346 1308 502 1387 fuissent,
522 1306 649 1391 publici
661 1305 750 1391 juris
772 1306 859 1375 fieri.
882 1308 1012 1374 Verum
1033 1305 1118 1371 illud
1137 1304 1252 1371 statim
1273 1306 1479 1373 obversaba-

251 1437 306 1490 tur
322 1423 448 1503 animo,
467 1423 496 1488 si
512 1422 595 1507 quid
611 1420 812 1506 hujusmodi
829 1422 1033 1501 faceremus,
1052 1422 1237 1490 multorum
1251 1440 1314 1486 nos
1327 1431 1407 1487 vota
1417 1422 1480 1489 de-

247 1540 479 1617 fraudaturos,
490 1556 608 1606 eorum
622 1537 793 1617 nimirum,
805 1537 863 1623 qui
876 1538 1024 1623 integra,
1039 1537 1181 1623 perinde
1193 1558 1233 1602 ac
1246 1536 1373 1622 scripta
1384 1548 1477 1617 sunt,

250 1664 474 1722 monumenta
489 1652 679 1737 requirunt,
699 1674 767 1719 non
785 1652 916 1733 mutila,
935 1672 1004 1718 non
1021 1654 1213 1733 decurtata,
1231 1674 1301 1718 non
1320 1663 1480 1737 corrupta

246 1770 501 1857 quodammodo
522 1790 542 1833 a
569 1766 738 1851 nobisque
764 1768 933 1835 confecta.
968 1768 1069 1835 Adde
1097 1769 1192 1852 quod
1218 1768 1373 1836 homines
1398 1782 1480 1834 tunc

250 1886 353 1953 fidem
380 1886 513 1952 soleant
534 1885 660 1952 habere
681 1883 924 1964 monumentiS,
954 1883 1091 1968 quando
1119 1905 1172 1965 ea,
1202 1896 1303 1969 prout
1330 1896 1477 1963 exstant,

252 2002 469 2087 praebentur;
488 2000 672 2068 detrahant
688 2010 815 2081 autem,
840 2020 920 2065 cum
941 2000 984 2065 ab
1005 1999 1135 2067 editore
1159 2011 1370 2068 resecantur:
1394 2001 1481 2067 adde

249 2117 416 2184 lectorum
433 2115 637 2197 molestiam,
656 2115 715 2200 qui
730 2116 773 2181 ab
793 2136 859 2181 uno
875 2115 994 2181 codice
1014 2117 1058 2181 ad
1078 2114 1183 2181 alium
1204 2116 1298 2183 adire
1319 2118 1478 2196 debeant,

252 2231 309 2299 ubi
329 2254 384 2299 res
405 2231 557 2317 pressius
578 2242 638 2297 aut
662 2230 801 2297 uberius
820 2230 1020 2316 explicetur;
1044 2242 1235 2318 postrem0‚
1261 2234 1354 2317 quod
1377 2244 1480 2318 caput

245 2358 314 2426 est,
333 2347 420 2413 adde
442 2348 626 2412 multorum
647 2346 876 2432 suspicionem
896 2368 941 2412 ne
961 2348 1004 2412 ab
1024 2346 1156 2414 editore
1178 2346 1341 2413 omissum
1364 2348 1479 2427 fuerit,

244 2463 341 2547 quod
357 2462 420 2548 ipsi
437 2484 474 2528 se
491 2460 674 2545 aliquando
691 2460 817 2547 legisse
836 2460 1043 2540 existimant,
1062 2473 1097 2529 et
1113 2462 1148 2526 in
1164 2461 1261 2543 locis,
1279 2462 1338 2546 qui
1355 2464 1481 2529 fortas-

249 2600 287 2645 se
308 2577 525 2656 exhibentur,
544 2596 613 2642 non
633 2576 832 2663 repererint.
852 2579 953 2661 Quae
974 2577 1089 2643 omnia
1110 2577 1326 2645 incommoda
1346 2578 1480 2664 aliaque

252 2693 448 2779 hujusmodi
465 2714 605 2778 prorsus
621 2692 759 2760 omnino
777 2688 929 2759 vitantur
943 2694 1071 2776 exiguo
1091 2693 1265 2779 impendio
1281 2716 1321 2761 ac
1341 2705 1481 2781 sumptu

251 2831 294 2876 ex
315 2809 512 2878 accessione
540 2809 669 2895 aliquot
690 2809 913 2895 pagellarum.
939 2809 1059 2895 Igitur,
1083 2810 1244 2894 quoniam
1266 2812 1372 2877 semel
1395 2812 1482 2877 haec

244 2926 415 3010 opuscula
436 2924 619 2991 mittuntur
634 2924 669 2989 in
686 2926 809 3006 lucem,
828 2924 964 3009 integra
982 2926 1140 3005 edantur,
1160 2946 1203 2991 ne
1220 2925 1302 3011 quid
1319 2949 1339 2993 a
1354 2926 1482 2993 nostris

249 3038 436 3106 lectoribus
448 3041 527 3125 jure
543 3038 728 3108 desiderari
745 3051 860 3124 queat.
915 3017 921 3027 ’

318 3156 435 3241 Atque
450 3156 493 3221 de
510 3156 551 3222 iis
566 3154 700 3240 scriptis
717 3155 845 3221 dictum
863 3166 917 3223 est
933 3156 1027 3223 satis.

316 3272 348 3337 6.
400 3272 448 3339 Ea
459 3293 564 3357 porro
576 3271 702 3357 scripta
718 3270 894 3357 excipiunt
908 3275 1107 3355 ProcessuS,
1123 3282 1161 3338 ut
1173 3272 1306 3352 dicunt,
1320 3273 1393 3340 sive
1405 3284 1483 3339 aeta

194 3384 208 3407 ¹
251 3385 284 3451 in
309 3386 440 3471 judicio
459 3399 494 3454 et
515 3407 694 3453 causarum
716 3386 955 3466 instrumenta,
976 3398 1048 3453 turn
1069 3400 1190 3455 contra
1213 3388 1384 3475 Ignatium
1408 3400 1481 3455 tum

251 3522 312 3588 pro
328 3501 403 3587 ipso
419 3502 522 3569 variis
538 3502 573 3567 in
590 3502 673 3568 loeis
690 3503 860 3569 conlecta.

317 3616 469 3683 Primum
493 3618 689 3703 hujusmodi
710 3616 975 3686 instrumentum
996 3618 1114 3688 ordine
1135 3621 1297 3706 temporis
1317 3634 1371 3689 est
1390 3620 1482 3686 actio

249 3731 283 3798 in
301 3732 412 3819 ipsum
430 3733 600 3819 Ignatium
616 3732 706 3800 anno
727 3750 808 3817 1515
827 3733 998 3815 instituta,
1013 3737 1106 3819 quod
1118 3736 1255 3820 quidem
1272 3736 1482 3805 instrumen-

250 3859 335 3929 tum,
355 3860 393 3913 ut
409 3849 496 3915 infra
513 3850 616 3934 paulo
633 3860 709 3935 post
730 3848 875 3932 dicetur,
902 3849 937 3915 in
957 3850 1083 3915 nostris
1104 3851 1251 3916 archivis
1272 3862 1479 3920 asservatur.

250 3966 328 4031 Non
345 3974 397 4033 est
413 3964 548 4050 integer
563 3986 755 4050 processus
773 3966 835 4033 sed
846 3988 926 4053 pars
938 3966 1115 4032 dumtaxat
1132 3979 1167 4035 et
1182 3968 1279 4052 quasi
1296 3968 1386 4036 illius
1401 3990 1481 4053 pro-

249 4079 410 4161 oemium,
428 4081 539 4147 bullas
556 4080 742 4147 Alexandri
759 4083 807 4148 Vl
818 4081 991 4168 pontificis
1003 4082 1185 4168 praecipue
1197 4084 1389 4163 continenS,
1404 4085 1481 4168 qui·

249 4197 314 4261 bus
341 4196 516 4283 provisum
545 4207 617 4264 erat
645 4195 869 4264 immunitatis
896 4197 1148 4266 ecclesiasticae
1166 4199 1304 4283 juribus
1325 4186 1391 4266 frui
1412 4222 1480 4267 non

251 4312 519 4397 possederim,
544 4312 602 4397 qui
624 4322 798 4379 tonsuram
820 4324 855 4380 et
876 4313 1078 4380 clericorum
1102 4316 1257 4381 habitum
1280 4327 1370 4383 stato
1394 4328 1480 4385 tem-

250 4449 332 4513 pore
348 4448 417 4494 non
434 4428 658 4514 gestaverint.
681 4430 788 4494 Porro
805 4428 993 4497 Alexandri
1013 4430 1127 4496 bullae
1148 4442 1328 4518 propterea
1348 4431 1382 4497 in
1404 4443 1481 4498 acta

249 4546 334 4609 haee
347 4543 522 4628 judicialia
544 4543 792 4625 inserebantur,
815 4545 908 4629 quia,
931 4566 1009 4611 cum
1030 4546 1186 4633 lgnatius
1208 4547 1317 4614 ordini
1338 4545 1481 4617 clerico·

249 4680 323 4725 rum
341 4659 533 4747 adscriptus
550 4672 652 4741 esset,
672 4658 852 4747 privilegio
870 4661 933 4727 fori
951 4662 1001 4727 uti
1021 4662 1169 4743 volebat;
1192 4662 1227 4730 id
1248 4665 1340 4749 quod
1360 4686 1381 4730 a
1401 4662 1481 4750 gui·
