3500 5367
311 386 314 391 -
398 352 452 423 340
778 353 986 409 Mouuusnrn
1006 352 1186 408 tenariam

363 508 465 574 Patre
481 506 619 591 Laynez
635 518 656 545 ¹¹¹
672 505 945 591 interrogaretur
962 526 1129 572 uerumne
1148 517 1239 571 esset
1255 526 1299 569 an
1321 525 1403 584 non,
1422 502 1584 569 obmutuit

362 626 464 689 Pater
481 633 517 688 et
532 642 594 709 pro
610 620 832 707 responsione
849 619 1022 687 silentium
1038 620 1133 689 dedit
1149 634 1176 689 ¹¹.
1195 622 1246 686 Ex
1267 621 1387 688 eodem
1409 621 1578 685 Patre-eo·

360 739 437 807 dem
459 736 616 805 die-L.

426 852 457 919 8.
507 854 545 920 In
561 852 756 933 iuuentute,
775 872 854 918 cum
871 852 1023 939 corporis
1038 854 1162 919 robore
1177 863 1212 918 et
1228 850 1348 919 aetatis
1364 852 1448 916 flore
1463 848 1582 935 gloria-

331 966 338 977 “
358 980 464 1050 retur,
479 968 722 1056 grauissimum
734 967 770 1033 in
782 966 924 1034 naribus
935 969 1093 1034 morbum
1107 969 1290 1047 contraxit,
1308 968 1355 1033 ita
1372 981 1411 1032 ut
1425 965 1484 1031 uix
1494 964 1578 1049 quis·

302 1170 309 1183 .
357 1084 447 1172 piam
464 1084 735 1171 graueolentiam
752 1082 885 1149 narium
902 1093 937 1150 et
954 1083 1117 1151 faetorem
1131 1083 1342 1152 teterrimum
1360 1083 1448 1149 ferre
1459 1092 1576 1167 posset,

357 1220 427 1286 quo
444 1210 597 1287 tempore
613 1198 810 1286 agitabatur
824 1197 1002 1266 desideriis
1017 1195 1168 1266 eremum
1186 1198 1323 1284 petendi
1339 1208 1374 1266 et
1389 1198 1533 1263 abdendi
1546 1218 1582 1262 se

358 1316 391 1382 in
409 1316 538 1382 inuiam
555 1314 788 1393 solitudinem,
807 1313 920 1400 magis
934 1336 976 1381 ea
990 1313 1135 1396 ratione,
1153 1334 1198 1380 ne
1212 1325 1273 1380 aut
1285 1313 1458 1379 uideretur
1469 1315 1577 1379 ebho

359 1430 521 1512 minibuS,
540 1442 601 1498 aut
617 1430 691 1515 ipse
706 1449 767 1496 eos
783 1428 917 1495 uideret
933 1450 1034 1497 nares
1055 1417 1319 1515 comprimentes
1338 1438 1373 1496 et
1393 1439 1580 1495 auertentes

360 1546 494 1631 faciem,
513 1568 615 1632 quam
632 1555 693 1613 aut
708 1524 879 1613 desiderio
895 1556 955 1611 aut
970 1544 1149 1612 uoluntate
1160 1548 1236 1612 Deo
1248 1544 1431 1613 seruiendi.
1447 1548 1576 1621 Postea,

356 1662 517 1730 omnibus
532 1660 673 1729 medicis
689 1658 836 1740 reiectis,
851 1681 890 1726 se
902 1658 974 1744 ipse
986 1659 1120 1726 curauit
1131 1659 1301 1745 frequenti
1314 1680 1425 1745 aquae
1441 1658 1579 1746 frigidae

358 1776 568 1865 irrigatione,
586 1798 664 1843 cum
681 1775 794 1841 omnia
811 1796 899 1860 pene
921 1773 1171 1843 medicamenta
1193 1774 1286 1861 prius
1308 1786 1485 1843 tentasset.
1508 1777 1576 1860 Ego

356 1915 398 1961 ex
414 1891 490 1979 ipso
506 1904 520 1931 ⁰
536 1894 639 1959 Patre
654 1889 894 1975 Ribadeneyra
909 1891 1027 1956 P.-R.

421 2030 453 2097 9.
504 2008 589 2073 Tam
605 2018 679 2073 erat
695 2028 806 2073 uanus
820 2005 1138 2092 elegantiarumque
1150 2007 1325 2073 studiosus
1337 2006 1371 2071 in
1385 2007 1578 2073 adolescen-

354 2124 414 2204 tia,
433 2133 485 2206 ut,
505 2142 606 2189 crure
622 2132 754 2201 sanato,
772 2120 852 2205 quia
870 2122 959 2187 talus
976 2122 1031 2191 uel
1046 2143 1085 2187 os
1101 2122 1193 2189 aliud
1209 2121 1395 2189 deformius
1411 2121 1574 2207 promine·

353 2240 424 2320 bat,
442 2251 490 2321 et,
509 2239 600 2324 quod
617 2237 653 2303 in
668 2238 783 2304 locum
800 2258 900 2303 suum
917 2236 1050 2304 restitui
1066 2237 1281 2322 nequiuerat,
1295 2237 1511 2323 inaequabile
1521 2258 1573 2303 ex·

342 2356 465 2437 .tabat;,
478 2353 656 2439 rogauerit
671 2351 822 2418 medicos
838 2374 882 2418 an
899 2374 938 2418 os
953 2352 1037 2418 illud
1052 2352 1161 2421 secari
1177 2365 1304 2439 posset3
1323 2364 1358 2421 et
1380 2375 1458 2418 cum
1482 2352 1574 2421 intel-

353 2468 491 2537 lexisset
508 2490 608 2554 posse
625 2467 776 2553 quidem,
795 2468 855 2535 sed
872 2466 1091 2536 acerbissimo
1100 2470 1238 2549 dolore,
1257 2480 1291 2537 et
1307 2470 1473 2549 omnium,
1495 2490 1576 2554 quos

351 2585 387 2651 in
403 2584 580 2652 curatione
602 2584 791 2663 tolerasset,
815 2582 974 2664 maximo,
996 2582 1096 2651 iussit
1118 2607 1158 2651 os
1181 2584 1301 2665 secari;
1325 2598 1362 2649 et
1386 2584 1576 2651 uolentibus

352 2700 494 2769 medicis
509 2720 589 2767 eum
604 2698 726 2785 ligare,
745 2697 884 2764 omnino
902 2698 1023 2781 uetuit;
1042 2710 1077 2767 et
1093 2698 1140 2765 ita
1160 2700 1342 2766 immobilis
1361 2713 1398 2767 et
1418 2712 1576 2767 constans

350 2814 537 2903 permansit
552 2815 588 2881 in
604 2813 824 2893 abscissione,
845 2824 883 2880 ut
899 2835 1011 2898 neque
1022 2813 1189 2901 gemitum
1202 2815 1358 2897 ediderit,
1373 2838 1487 2901 neque
1503 2815 1571 2882 uul-

350 2942 423 2998 tum
451 2928 650 3013 mutauerit,
673 2940 707 2997 et
728 2950 848 2995 omnes
871 2940 1070 3014 praesentes
1092 2930 1317 2997 admiratione
1340 2934 1571 3017 suspenderet.

350 3049 425 3134 Ego
442 3070 484 3117 ex
501 3046 559 3112 illo
574 3067 665 3112 anno
681 3044 737 3113 uel
753 3064 797 3127 44
814 3045 869 3110 uel
885 3061 940 3128 45.

420 3181 470 3231 10.
520 3162 625 3248 Apud
642 3162 834 3245 Manresam
852 3180 931 3225 cum
948 3170 1041 3227 esset
1055 3170 1090 3228 et
1106 3182 1144 3227 se
1160 3160 1371 3247 poenitentia
1382 3173 1418 3230 et
1429 3161 1575 3248 castiga-

348 3279 441 3347 tione
467 3276 620 3363 corporis
647 3273 893 3343 incredibiliter
920 3286 1121 3358 maceraret,
1144 3276 1269 3342 accidit
1288 3288 1324 3343 ut
1351 3277 1409 3345 die
1431 3278 1573 3362 quodam

346 3392 492 3473 sabbati,
510 3392 576 3458 sub
592 3392 712 3457 horam
730 3388 957 3475 completorii,
982 3389 1029 3456 ita
1049 3390 1244 3458 eleuaretur
1264 3416 1284 3459 a
1304 3391 1475 3475 sensibus,
1497 3396 1533 3457 ut
1554 3414 1573 3459 a

346 3508 481 3579 deuotis
497 3507 702 3594 quibusdam
719 3504 803 3571 uiris
820 3516 855 3573 et
870 3503 1071 3573 mulieribus
1088 3506 1158 3592 (qui
1173 3509 1218 3573 ad
1232 3530 1325 3591 eum,
1341 3508 1433 3574 uitae
1447 3507 1570 3594 asperi-

346 3636 416 3692 tate
431 3634 467 3691 et
483 3621 632 3689 hominis
648 3620 855 3707 parsimonia
871 3619 1029 3705 permoti,
1049 3622 1235 3691 conuenire
1249 3627 1515 3705 consueuerant)
1530 3623 1573 3691 ita

345 3750 513 3827 repertuS,
536 3747 694 3804 mortuus
714 3736 924 3817 crederetur3
948 3744 983 3801 et
1010 3735 1074 3803 nisi
1102 3737 1216 3804 cordis
1240 3738 1496 3825 palpitationem
1523 3752 1572 3806 te-

344 3877 447 3922 nuem
460 3850 741 3940 deprehendisset
754 3850 906 3935 quidam,
920 3852 1040 3936 procul
1052 3850 1158 3919 dubio
1169 3855 1367 3939 sepulturae
1379 3854 1570 3921 mandauis-

343 3982 432 4037 sent.
453 3968 579 4037 Mansit
595 3978 711 4033 autem
728 3964 764 4030 in
780 3968 845 4031 hac
861 3964 970 4032 extasi
990 3966 1065 4033 siue
1086 3988 1250 4035 sensuum
1266 3970 1496 4036 abstractione
1516 3991 1568 4035 us-

344 4082 555 4093 ————-—

395 4144 416 4171 m
455 4128 549 4183 Prius
562 4090 727 4199 scritserat
742 4125 947 4180 Ribadeneira
960 4126 997 4179 ab
1010 4128 1116 4181 eodem
1129 4127 1163 4182 P.
1178 4128 1307 4199 Laynez:
1320 4130 1392 4184 dein
1401 4128 1450 4185 vei
1457 4130 1520 4202 ipsa
1528 4128 1570 4184 vri

333 4218 420 4292 sorte
434 4216 567 4281 Natalis,
582 4233 643 4271 non
656 4232 712 4270 sua
726 4216 778 4270 sed
791 4213 918 4269 librarii
929 4230 1035 4280 manu,
1055 4216 1119 4271 tuis
1131 4218 1230 4273 verbis
1246 4218 1424 4286 obliteratis,
1442 4219 1571 4292 scripsit:

339 4324 429 4363 ame.
472 4322 521 4348 —11
541 4304 704 4377 Sequentia
717 4304 850 4374 quinque
864 4303 955 4358 verba
967 4308 1038 4358 sunt
1049 4306 1228 4362 cancellata.
1266 4322 1316 4349 -0
1335 4308 1409 4363 Post
1421 4308 1495 4365 baec
1509 4326 1567 4364 var-

338 4400 387 4466 ba,
400 4394 523 4452 Natalis
533 4395 664 4467 propria
677 4411 774 4449 manu
792 4393 915 4447 addidit
931 4392 964 4449 P.
985 4392 1202 4467 Ribadaneyra.
1222 4397 1332 4452 Postea
1350 4408 1452 4453 auum
1470 4398 1568 4453 omnio

336 4483 527 4549 caucellam‘t,
540 4484 620 4541 scil:
632 4483 696 4553 Ego
709 4499 747 4537 ex
761 4479 826 4553 ipso
836 4480 869 4535 P.
882 4481 1097 4555 Ribadaneyra.
1137 4500 1187 4539 -n
1206 4486 1337 4557 Seqroens
1343 4488 1568 4561 paragraphus,

336 4576 390 4633 sub
404 4595 436 4631 n.
454 4575 611 4646 9positus,
624 4572 809 4629 caracellotus
822 4580 873 4626 est.
