3500 5367
369 454 552 512 Rssronsro
569 455 603 513 P.
624 456 775 515 Mauram
793 468 837 512 nr>
856 456 891 511 P.
911 454 1056 512 lancrcn
1073 464 1263 511 rosrurnrn
1345 437 1412 520 513'

196 610 362 675 Erectum
379 618 414 679 et
429 608 642 675 consolatum
658 608 786 677 dimisit
801 632 821 675 a
835 630 873 677 se
888 606 1013 690 virum3
1032 616 1067 674 et
1083 626 1164 675 ecce
1188 602 1351 691 postridie
1366 605 1437 692 Ju-

196 724 265 791 lius
283 724 514 812 3.'¹⁸*p0ntifex
530 736 544 763 ¹¹
559 724 651 793 misit
669 724 761 793 Patri
781 736 899 792 nostro
916 740 981 808 500
996 743 1131 803 aureos,
1149 722 1238 807 quos
1259 717 1439 787 distribuit

197 838 235 904 in
252 838 438 927 collegium
455 862 632 907 romanum
648 852 683 908 et
699 840 948 927 germanicum.

268 971 324 1040 35.
374 956 561 1025 Prudentia
576 968 611 1025 et
626 955 770 1024 consilio
786 958 921 1026 valebat
937 955 1134 1043 plurimum,
1152 952 1439 1038 mirabanturque

197 1071 327 1157 passim
342 1093 462 1141 omnes
481 1070 556 1141 eius
572 1072 872 1160 promptitudinem
888 1083 924 1140 et
938 1070 1111 1141 solertiam
1127 1070 1162 1136 in
1178 1067 1301 1167 dandis
1317 1068 1433 1135 consi-

197 1186 253 1252 liis
270 1187 314 1253 ad
330 1186 456 1271 omnia,
475 1209 564 1273 quae
584 1188 631 1255 illi
651 1188 943 1275 proponebantur,
966 1200 1027 1256 aut
1046 1208 1135 1272 quae
1154 1185 1191 1253 in
1212 1182 1433 1253 deliberatio-

199 1324 281 1369 nem
297 1304 495 1387 veniebant,
513 1306 556 1373 de
572 1305 675 1371 rebus
689 1304 770 1372 licet
786 1304 992 1372 difficillimis
1007 1301 1163 1390 quaestio
1178 1310 1281 1370 esset.

271 1418 326 1502 36.
374 1418 505 1487 Audiui
521 1442 634 1507 saepe,
653 1431 688 1486 et
704 1419 903 1487 nominatim
919 1442 962 1487 ex
979 1422 1082 1489 Patre
1098 1428 1215 1485 nostro
1228 1418 1366 1501 Laynez
1379 1414 1433 1479 in-

200 1532 331 1617 tellexi,
361 1533 472 1621 ipsum
493 1537 593 1603 valde
613 1536 720 1605 fuisse
741 1536 898 1603 sedulum
920 1535 1011 1603 circa
1026 1554 1171 1603 examen
1189 1544 1204 1571 V
1224 1530 1327 1601 etiam
1354 1553 1438 1617 par-

200 1648 358 1730 ticulare,
377 1671 417 1715 ac
433 1650 620 1720 contulisse
640 1650 823 1738 diligenter
839 1673 983 1718 examen
1004 1671 1083 1716 curn
1102 1645 1273 1740 examine,
1297 1658 1439 1732 tempus
1519 1636 1523 1643 ’

201 1786 284 1831 cum
300 1777 465 1852 tempore,
484 1768 732 1835 hebdomadam
749 1788 828 1834 cum
844 1767 1070 1847 hebdomada3
1089 1776 1158 1832 tam
1179 1761 1338 1831 videlicet
1358 1771 1435 1827 stu-

200 1881 322 1947 diosus
337 1890 412 1950 erat
426 1878 479 1947 sui
497 1884 673 1969 profectus
688 1881 886 1969 spiritualis.

165 2032 170 2043 ·
274 2015 328 2080 37.
378 1998 523 2083 Semper
550 2000 621 2067 fere
642 2010 714 2067 erat
735 1998 770 2063 in
793 2002 907 2066 Deum
929 1997 1096 2079 intentus,
1118 1995 1200 2063 licet
1219 1994 1313 2063 aliud
1332 2014 1441 2080 agere
1471 2081 1473 2086 ι

205 2110 382 2179 interdum
402 2110 596 2182 videretur..
608 2114 688 2181 Vidi
708 2114 803 2180 illum
825 2118 988 2201 persaepe
1009 2087 1243 2180 ambulantem¹
1262 2110 1298 2177 in
1320 2112 1437 2190 horto,

203 2237 240 2292 et
269 2225 358 2294 inter
378 2229 623 2295 ambulandum
644 2250 800 2316 gressum
823 2231 931 2316 figere
953 2227 1175 2314 aliquamdiu,
1199 2237 1234 2295 et
1249 2225 1286 2291 in
1302 2225 1436 2292 coelum

204 2342 326 2408 oculos
357 2343 512 2412 attollere
548 2344 844 2415 meditabundum.
877 2345 1039 2411 Addebat
1071 2345 1111 2411 P.
1146 2345 1301 2427 Laynez,
1335 2360 1440 2424 saepe

203 2456 308 2523 etiam
330 2456 365 2525 in
386 2458 442 2526 die
463 2458 573 2545 ipsum
594 2461 773 2547 lacrymari
797 2460 903 2527 fuisse
930 2460 1086 2540 solitum,
1115 2468 1152 2527 et
1179 2456 1340 2524 habuisse
1368 2466 1438 2523 tam

204 2571 352 2641 liberum
376 2574 566 2641 dominium
588 2576 622 2642 in
647 2586 778 2663 partem
800 2577 934 2644 animae
954 2576 1162 2655 inferiorem,
1181 2585 1219 2639 vt
1240 2572 1299 2639 vix
1325 2582 1445 2637 motus

205 2690 382 2757 naturales
398 2691 552 2758 sentiret.

274 2804 329 2887 38.
378 2806 466 2871 Cum
485 2806 623 2873 Parisiis
639 2807 770 2875 semina
787 2807 914 2875 iaceret
929 2809 1066 2875 futurae
1079 2804 1273 2885 Societatis,
1288 2816 1357 2871 vta
1371 2805 1439 2869 Pa-

204 2919 317 2986 tribus
332 2918 401 2986 lide
416 2921 531 3007 dignis
546 2922 709 3009 cognoui,
729 2924 850 2989 diebus
867 2924 965 2990 festis
984 2935 1019 2991 et
1042 2921 1223 3009 dominicis
1246 2922 1378 2987 solebat
1401 2941 1443 2985 se

203 3036 364 3105 conferre
379 3037 423 3104 ad
441 3040 604 3124 templum
622 3040 744 3106 beatae
760 3038 927 3126 Virginis,
945 3060 1034 3125 quae
1050 3062 1071 3105 a
1086 3038 1226 3125 Campis
1237 3057 1364 3104 nomen
1375 3037 1439 3101 ha·

203 3151 277 3230 bet,
294 3150 330 3217 in
352 3152 525 3219 suburbiis
546 3154 583 3221 S.
607 3154 785 3235 Germani,
810 3156 924 3223 locum
945 3156 1155 3223 abstractum
1178 3165 1214 3220 et
1236 3151 1440 3228 solitarium,

204 3267 265 3333 sed
284 3268 462 3348 deuotum,
481 3278 516 3335 et
532 3269 612 3335 olim
629 3271 811 3350 celebrem,
826 3284 864 3339 vt
875 3292 955 3337 cum
968 3271 1071 3338 sociis
1082 3267 1228 3337 orationi
1241 3278 1390 3348 vacaret,
1404 3280 1440 3333 et

205 3398 431 3449 sacrosancto
448 3406 591 3470 corpore
607 3386 736 3452 Christi
752 3388 965 3454 commodius
982 3410 1019 3455 se
1036 3387 1203 3455 reficeret.
1223 3386 1320 3452 Haec
1333 3383 1439 3449 tradi-

206 3496 256 3563 tio
274 3508 343 3563 tam
359 3490 522 3566 constans
539 3501 663 3567 mansit
679 3500 767 3569 inter
784 3514 933 3584 nostros,
956 3504 1015 3589 qui
1036 3503 1194 3571 Lutetiae
1217 3502 1380 3587 agebant,
1402 3510 1441 3564 vt

203 3634 309 3698 saepe
324 3614 439 3680 locum
457 3614 673 3684 visitaremus
690 3616 724 3684 in
741 3618 938 3685 memoriam
957 3618 1068 3686 Patris
1084 3618 1196 3685 nostri
1207 3627 1242 3683 et
1253 3614 1441 3694 sociorum,

203 3738 241 3793 et
257 3738 295 3792 vt
312 3727 468 3814 spiritum
485 3732 701 3799 hauriremus
717 3732 753 3799 in
769 3734 857 3815 loc0,
875 3734 911 3800 in
928 3756 998 3820 quo
1013 3733 1105 3801 beati
1127 3733 1175 3799 illi
1197 3736 1319 3799 Patres
1339 3729 1440 3816 spiri·

205 3836 446 3929 tus‘primitias
462 3858 677 3932 acceperant.
696 3848 933 3917 Conferebant
953 3870 991 3917 se
1012 3850 1233 3916 nihilominus
1252 3847 1355 3916 etiarn
1376 3867 1443 3912 no·

203 3958 268 4024 stri
284 3957 456 4025 interdum
473 3962 516 4027 ad
535 3964 689 4030 Montem
706 3968 910 4050 Martyrum,
928 3965 986 4031 vbi
1006 3968 1052 4033 D.
1074 3964 1263 4051 Dionysius
1282 3985 1360 4029 cum
1382 3982 1440 4027 so-

204 4070 270 4140 ciis
285 4072 397 4161 capite
413 4086 593 4145 truncatus
609 4080 721 4145 fuerat
737 4101 800 4165 pro
814 4080 944 4147 Christi
961 4069 1167 4149 testimonio,
1191 4081 1229 4146 ln
1250 4100 1291 4147 eo
1313 4079 1445 4164 templo

204 4202 286 4256 vota
303 4188 471 4258 castitatis
487 4204 522 4260 et
538 4193 750 4279 paupertatis
768 4198 871 4263 Pater
891 4208 1009 4265 noster
1030 4217 1109 4262 cum
1130 4195 1233 4263 sociis
1252 4198 1328 4263 Deo
1348 4216 1439 4259 nun-

203 4316 395 4391 cupauerat
411 4318 446 4374 et
462 4308 550 4374 haec
567 4308 714 4375 subinde
731 4312 954 4379 renouabant.
974 4313 1012 4378 ln
1029 4314 1136 4378 altero
1152 4311 1209 4376 illo
1227 4311 1354 4396 templo
1366 4308 1444 4375 edi·

202 4420 328 4489 derant
343 4432 424 4489 vota
435 4422 736 4510 jerosolymitanae
747 4427 1038 4521 peregrinationis
1054 4439 1089 4496 et
1103 4426 1319 4496 obedientiae
1340 4447 1443 4512 prae-

260 4686 275 4715 ι
312 4670 403 4729 Deest
414 4675 468 4729 lroc
481 4676 615 4732 verbum.
654 4694 704 4721 -ν
723 4696 847 4735 examen
860 4678 1071 4737 conscientiae.
