<?xml version="1.0" encoding="UTF-8"?>
<!DOCTYPE html PUBLIC "-//W3C//DTD XHTML 1.0 Transitional//EN"
    "http://www.w3.org/TR/xhtml1/DTD/xhtml1-transitional.dtd">
<html xmlns="http://www.w3.org/1999/xhtml" xml:lang="en" lang="en">
 <head>
  <title>
</title>
<meta http-equiv="Content-Type" content="text/html;charset=utf-8" />
  <meta name='ocr-system' content='tesseract 3.04.00' />
  <meta name='ocr-capabilities' content='ocr_page ocr_carea ocr_par ocr_line ocrx_word'/>
</head>
<body>
  <div class='ocr_page' id='page_1' title='image "./monumentaignati00ignagoog/monumentaignati00ignagoog_0540.png"; bbox 0 0 3500 5367; ppageno 0'>
   <div class='ocr_carea' id='block_1_1' title="bbox 433 421 1218 491">
    <p class='ocr_par' dir='ltr' id='par_1_1' title="bbox 433 421 1218 491">
     <span class='ocr_line' id='line_1_1' title="bbox 433 421 1218 491; baseline 0.014 -21"><span class='ocrx_word' id='word_1_1' title='bbox 433 421 486 491; x_wconf 72' lang='lat'><strong>530</strong></span> <span class='ocrx_word' id='word_1_2' title='bbox 644 462 649 471; x_wconf 96' lang='lat'><strong>.</strong></span> <span class='ocrx_word' id='word_1_3' title='bbox 811 423 1018 478; x_wconf 76' lang='lat' dir='ltr'><strong>ltosuuarrra</strong></span> <span class='ocrx_word' id='word_1_4' title='bbox 1038 422 1218 481; x_wconf 71' lang='lat' dir='ltr'><strong>lanariam</strong></span> 
     </span>
    </p>
   </div>
   <div class='ocr_carea' id='block_1_2' title="bbox 396 574 1656 665">
    <p class='ocr_par' dir='ltr' id='par_1_2' title="bbox 396 574 1656 665">
     <span class='ocr_line' id='line_1_2' title="bbox 396 574 1656 665; baseline 0.003 -22"><span class='ocrx_word' id='word_1_5' title='bbox 396 596 474 643; x_wconf 92' lang='lat' dir='ltr'><strong>nem</strong></span> <span class='ocrx_word' id='word_1_6' title='bbox 492 574 629 641; x_wconf 90' lang='lat' dir='ltr'><strong>solitum</strong></span> <span class='ocrx_word' id='word_1_7' title='bbox 647 574 686 640; x_wconf 89' lang='lat' dir='ltr'><strong>P.</strong></span> <span class='ocrx_word' id='word_1_8' title='bbox 711 574 882 661; x_wconf 89' lang='lat' dir='ltr'><strong>lgnatium</strong></span> <span class='ocrx_word' id='word_1_9' title='bbox 901 576 1054 644; x_wconf 83' lang='lat' dir='ltr'>ultimate</span> <span class='ocrx_word' id='word_1_10' title='bbox 1073 598 1111 645; x_wconf 86' lang='lat' dir='ltr'><strong>se</strong></span> <span class='ocrx_word' id='word_1_11' title='bbox 1131 580 1260 647; x_wconf 85' lang='lat' dir='ltr'><strong>referre</strong></span> <span class='ocrx_word' id='word_1_12' title='bbox 1280 590 1357 665; x_wconf 82' lang='lat' dir='ltr'><strong>post</strong></span> <span class='ocrx_word' id='word_1_13' title='bbox 1377 580 1489 647; x_wconf 88' lang='lat' dir='ltr'><strong>allatas</strong></span> <span class='ocrx_word' id='word_1_14' title='bbox 1506 580 1579 648; x_wconf 78' lang='lat' dir='ltr'><strong>uan&#39;o</strong></span> <span class='ocrx_word' id='word_1_15' title='bbox 1655 601 1656 630; x_wconf 62' lang='lat' dir='ltr'><strong>t</strong></span> 
     </span>
    </p>
   </div>
   <div class='ocr_carea' id='block_1_3' title="bbox 309 690 1577 894">
    <p class='ocr_par' dir='ltr' id='par_1_3' title="bbox 309 690 1577 894">
     <span class='ocr_line' id='line_1_3' title="bbox 395 690 1577 783; baseline 0.003 -24"><span class='ocrx_word' id='word_1_16' title='bbox 395 711 529 771; x_wconf 86' lang='lat' dir='ltr'><strong>causas,</strong></span> <span class='ocrx_word' id='word_1_17' title='bbox 548 712 590 758; x_wconf 86' lang='lat' dir='ltr'><strong>ex</strong></span> <span class='ocrx_word' id='word_1_18' title='bbox 608 693 758 759; x_wconf 86' lang='lat' dir='ltr'><strong>humana</strong></span> <span class='ocrx_word' id='word_1_19' title='bbox 773 702 808 758; x_wconf 90' lang='lat' dir='ltr'><strong>et</strong></span> <span class='ocrx_word' id='word_1_20' title='bbox 823 690 991 777; x_wconf 82' lang='lat' dir='ltr'><strong>spirituali</strong></span> <span class='ocrx_word' id='word_1_21' title='bbox 1010 693 1192 779; x_wconf 87' lang='lat' dir='ltr'><strong>prudentia</strong></span> <span class='ocrx_word' id='word_1_22' title='bbox 1207 696 1344 783; x_wconf 86' lang='lat' dir='ltr'><strong>petitas,</strong></span> <span class='ocrx_word' id='word_1_23' title='bbox 1366 718 1476 767; x_wconf 88' lang='lat' dir='ltr'><strong>rerum</strong></span> <span class='ocrx_word' id='word_1_24' title='bbox 1494 696 1577 763; x_wconf 75' lang='lat' dir='ltr'><strong>assiu</strong></span> 
     </span>
     <span class='ocr_line' id='line_1_4' title="bbox 309 806 1577 894; baseline 0.002 -19"><span class='ocrx_word' id='word_1_25' title='bbox 309 818 311 823; x_wconf 85' lang='lat'>&#39;</span> <span class='ocrx_word' id='word_1_26' title='bbox 395 806 577 875; x_wconf 89' lang='lat' dir='ltr'><strong>Societatis</strong></span> <span class='ocrx_word' id='word_1_27' title='bbox 593 806 906 874; x_wconf 87' lang='lat' dir='ltr'><strong>Constitutionibus</strong></span> <span class='ocrx_word' id='word_1_28' title='bbox 920 806 1142 894; x_wconf 65' lang='lat' dir='ltr'><strong>scriptarum</strong></span> <span class='ocrx_word' id='word_1_29' title='bbox 1160 810 1211 877; x_wconf 91' lang='lat' dir='ltr'><strong>uti</strong></span> <span class='ocrx_word' id='word_1_30' title='bbox 1226 812 1331 881; x_wconf 88' lang='lat' dir='ltr'><strong>etiam</strong></span> <span class='ocrx_word' id='word_1_31' title='bbox 1350 813 1496 880; x_wconf 88' lang='lat' dir='ltr'><strong>scribunt</strong></span> <span class='ocrx_word' id='word_1_32' title='bbox 1510 812 1577 879; x_wconf 82' lang='lat' dir='ltr'><strong>Ribr-</strong></span> 
     </span>
    </p>
   </div>
   <div class='ocr_carea' id='block_1_4' title="bbox 394 921 1656 1026">
    <p class='ocr_par' dir='ltr' id='par_1_4' title="bbox 394 921 1656 1026">
     <span class='ocr_line' id='line_1_5' title="bbox 394 921 1656 1026; baseline 0.004 -37"><span class='ocrx_word' id='word_1_33' title='bbox 394 924 557 1008; x_wconf 86' lang='lat' dir='ltr'><strong>deneyra,</strong></span> <span class='ocrx_word' id='word_1_34' title='bbox 576 924 599 992; x_wconf 90' lang='lat' dir='ltr'><strong>l.</strong></span> <span class='ocrx_word' id='word_1_35' title='bbox 623 940 655 1006; x_wconf 85' lang='lat'><strong>5,</strong></span> <span class='ocrx_word' id='word_1_36' title='bbox 679 944 711 990; x_wconf 90' lang='lat' dir='ltr'><strong>c.</strong></span> <span class='ocrx_word' id='word_1_37' title='bbox 730 938 748 1005; x_wconf 85' lang='lat'>5</span> <span class='ocrx_word' id='word_1_38' title='bbox 771 921 805 987; x_wconf 95' lang='lat' dir='ltr'><strong>in</strong></span> <span class='ocrx_word' id='word_1_39' title='bbox 827 922 907 1003; x_wconf 85' lang='lat' dir='ltr'><strong>line,</strong></span> <span class='ocrx_word' id='word_1_40' title='bbox 930 934 965 990; x_wconf 89' lang='lat' dir='ltr'><strong>et</strong></span> <span class='ocrx_word' id='word_1_41' title='bbox 980 942 1012 989; x_wconf 93' lang='lat' dir='ltr'><strong>c.</strong></span> <span class='ocrx_word' id='word_1_42' title='bbox 1042 924 1084 1005; x_wconf 79' lang='lat'><strong>113</strong></span> <span class='ocrx_word' id='word_1_43' title='bbox 1102 936 1138 993; x_wconf 92' lang='lat' dir='ltr'><strong>et</strong></span> <span class='ocrx_word' id='word_1_44' title='bbox 1164 926 1389 1008; x_wconf 87' lang='lat' dir='ltr'><strong>Orlandinus,</strong></span> <span class='ocrx_word' id='word_1_45' title='bbox 1417 931 1441 998; x_wconf 96' lang='lat' dir='ltr'><strong>l.</strong></span> <span class='ocrx_word' id='word_1_46' title='bbox 1457 948 1491 996; x_wconf 88' lang='lat'><strong>10</strong></span> <span class='ocrx_word' id='word_1_47' title='bbox 1505 928 1575 1003; x_wconf 75' lang='lat' dir='ltr'><strong>Hir..</strong></span> <span class='ocrx_word' id='word_1_48' title='bbox 1655 1021 1656 1026; x_wconf 5' lang='grc' dir='ltr'>ἵ</span> 
     </span>
    </p>
   </div>
   <div class='ocr_carea' id='block_1_5' title="bbox 389 1036 1576 2633">
    <p class='ocr_par' dir='ltr' id='par_1_5' title="bbox 389 1036 1576 2633">
     <span class='ocr_line' id='line_1_6' title="bbox 395 1036 1576 1123; baseline 0.002 -18"><span class='ocrx_word' id='word_1_49' title='bbox 395 1063 429 1105; x_wconf 91' lang='lat' dir='ltr'><strong>n.</strong></span> <span class='ocrx_word' id='word_1_50' title='bbox 449 1040 543 1123; x_wconf 82' lang='lat' dir='ltr'><strong>65et</strong></span> <span class='ocrx_word' id='word_1_51' title='bbox 559 1039 614 1118; x_wconf 73' lang='grc' dir='ltr'><strong>ὁὸ,</strong></span> <span class='ocrx_word' id='word_1_52' title='bbox 633 1050 666 1107; x_wconf 90' lang='lat' dir='ltr'><strong>et</strong></span> <span class='ocrx_word' id='word_1_53' title='bbox 683 1039 707 1103; x_wconf 90' lang='lat' dir='ltr'><strong>l.</strong></span> <span class='ocrx_word' id='word_1_54' title='bbox 727 1056 759 1120; x_wconf 82' lang='lat'><strong>2,</strong></span> <span class='ocrx_word' id='word_1_55' title='bbox 778 1060 812 1105; x_wconf 91' lang='lat' dir='ltr'><strong>n.</strong></span> <span class='ocrx_word' id='word_1_56' title='bbox 832 1036 1019 1105; x_wconf 87' lang='lat' dir='ltr'><strong>centesimo</strong></span> <span class='ocrx_word' id='word_1_57' title='bbox 1033 1039 1167 1107; x_wconf 87' lang='lat' dir='ltr'><strong>decimo</strong></span> <span class='ocrx_word' id='word_1_58' title='bbox 1189 1054 1300 1110; x_wconf 87' lang='lat' dir='ltr'><strong>sexto.</strong></span> <span class='ocrx_word' id='word_1_59' title='bbox 1321 1045 1388 1113; x_wconf 88' lang='lat' dir='ltr'><strong>Per</strong></span> <span class='ocrx_word' id='word_1_60' title='bbox 1403 1047 1486 1111; x_wconf 90' lang='lat' dir='ltr'><strong>banc</strong></span> <span class='ocrx_word' id='word_1_61' title='bbox 1499 1055 1576 1111; x_wconf 83' lang='lat' dir='ltr'><strong>autur</strong></span> 
     </span>
     <span class='ocr_line' id='line_1_7' title="bbox 394 1152 1575 1246; baseline 0.001 -27"><span class='ocrx_word' id='word_1_62' title='bbox 394 1153 655 1222; x_wconf 84' lang='lat' dir='ltr'><strong>illustrationem</strong></span> <span class='ocrx_word' id='word_1_63' title='bbox 683 1156 721 1223; x_wconf 88' lang='lat' dir='ltr'><strong>S.</strong></span> <span class='ocrx_word' id='word_1_64' title='bbox 753 1156 855 1221; x_wconf 88' lang='lat' dir='ltr'><strong>Pater</strong></span> <span class='ocrx_word' id='word_1_65' title='bbox 884 1152 1127 1223; x_wconf 87' lang='lat' dir='ltr'><strong>reuelationem</strong></span> <span class='ocrx_word' id='word_1_66' title='bbox 1153 1156 1305 1225; x_wconf 90' lang='lat' dir='ltr'><strong>diuinam</strong></span> <span class='ocrx_word' id='word_1_67' title='bbox 1334 1160 1463 1246; x_wconf 85' lang='lat' dir='ltr'><strong>proprie</strong></span> <span class='ocrx_word' id='word_1_68' title='bbox 1489 1158 1575 1225; x_wconf 84' lang='lat' dir='ltr'><strong>dictam</strong></span> 
     </span>
     <span class='ocr_line' id='line_1_8' title="bbox 393 1261 1575 1357; baseline 0 -20"><span class='ocrx_word' id='word_1_69' title='bbox 393 1276 493 1355; x_wconf 71' lang='lat' dir='ltr'><strong>(quae</strong></span> <span class='ocrx_word' id='word_1_70' title='bbox 509 1268 735 1339; x_wconf 86' lang='lat' dir='ltr'><strong>essentialiter</strong></span> <span class='ocrx_word' id='word_1_71' title='bbox 751 1269 834 1335; x_wconf 92' lang='lat' dir='ltr'><strong>nihil</strong></span> <span class='ocrx_word' id='word_1_72' title='bbox 855 1261 908 1337; x_wconf 73' lang='lat' dir='ltr'><strong>est</strong></span> <span class='ocrx_word' id='word_1_73' title='bbox 929 1268 1035 1349; x_wconf 87' lang='lat' dir='ltr'><strong>aliud,</strong></span> <span class='ocrx_word' id='word_1_74' title='bbox 1054 1292 1156 1357; x_wconf 91' lang='lat' dir='ltr'><strong>quam</strong></span> <span class='ocrx_word' id='word_1_75' title='bbox 1171 1271 1353 1340; x_wconf 85' lang='lat' dir='ltr'><strong>illustratio</strong></span> <span class='ocrx_word' id='word_1_76' title='bbox 1368 1274 1490 1356; x_wconf 91' lang='lat' dir='ltr'><strong>diuina,</strong></span> <span class='ocrx_word' id='word_1_77' title='bbox 1509 1274 1575 1339; x_wconf 87' lang='lat' dir='ltr'><strong>nodo</strong></span> 
     </span>
     <span class='ocr_line' id='line_1_9' title="bbox 392 1384 1574 1471; baseline -0.002 -15"><span class='ocrx_word' id='word_1_78' title='bbox 392 1386 663 1456; x_wconf 85' lang='lat' dir='ltr'><strong>extraordinario</strong></span> <span class='ocrx_word' id='word_1_79' title='bbox 678 1386 768 1471; x_wconf 87' lang='lat' dir='ltr'><strong>data)</strong></span> <span class='ocrx_word' id='word_1_80' title='bbox 786 1384 964 1450; x_wconf 82' lang='lat' dir='ltr'><strong>intellexit:</strong></span> <span class='ocrx_word' id='word_1_81' title='bbox 983 1386 1056 1467; x_wconf 88' lang='lat' dir='ltr'><strong>sed,</strong></span> <span class='ocrx_word' id='word_1_82' title='bbox 1076 1397 1114 1460; x_wconf 90' lang='lat' dir='ltr'><strong>ut</strong></span> <span class='ocrx_word' id='word_1_83' title='bbox 1128 1386 1339 1456; x_wconf 91' lang='lat' dir='ltr'><strong>humillimus</strong></span> <span class='ocrx_word' id='word_1_84' title='bbox 1358 1402 1394 1459; x_wconf 89' lang='lat' dir='ltr'><strong>et</strong></span> <span class='ocrx_word' id='word_1_85' title='bbox 1413 1387 1574 1456; x_wconf 77' lang='lat' dir='ltr'><strong>modestissi-</strong></span> 
     </span>
     <span class='ocr_line' id='line_1_10' title="bbox 393 1500 1572 1586; baseline -0.004 -15"><span class='ocrx_word' id='word_1_86' title='bbox 393 1525 481 1584; x_wconf 88' lang='lat' dir='ltr'><strong>mus,</strong></span> <span class='ocrx_word' id='word_1_87' title='bbox 497 1501 611 1572; x_wconf 87' lang='lat' dir='ltr'><strong>uerbis</strong></span> <span class='ocrx_word' id='word_1_88' title='bbox 622 1500 725 1567; x_wconf 92' lang='lat' dir='ltr'><strong>etiam</strong></span> <span class='ocrx_word' id='word_1_89' title='bbox 739 1500 938 1568; x_wconf 84' lang='lat' dir='ltr'><strong>modestiam</strong></span> <span class='ocrx_word' id='word_1_90' title='bbox 951 1501 1260 1586; x_wconf 88' lang='lat' dir='ltr'><strong>praeseferentibus</strong></span> <span class='ocrx_word' id='word_1_91' title='bbox 1272 1525 1354 1571; x_wconf 90' lang='lat' dir='ltr'><strong>usus</strong></span> <span class='ocrx_word' id='word_1_92' title='bbox 1366 1516 1419 1573; x_wconf 89' lang='lat' dir='ltr'><strong>est</strong></span> <span class='ocrx_word' id='word_1_93' title='bbox 1429 1526 1510 1573; x_wconf 84' lang='lat' dir='ltr'><strong>more</strong></span> <span class='ocrx_word' id='word_1_94' title='bbox 1519 1502 1572 1569; x_wconf 87' lang='lat' dir='ltr'><strong>alio·</strong></span> 
     </span>
     <span class='ocr_line' id='line_1_11' title="bbox 393 1606 1571 1706; baseline -0.004 -20"><span class='ocrx_word' id='word_1_95' title='bbox 393 1606 469 1685; x_wconf 91' lang='lat' dir='ltr'><strong>rum</strong></span> <span class='ocrx_word' id='word_1_96' title='bbox 485 1608 701 1685; x_wconf 71' lang='lat' dir='ltr'><strong>sanctorum.</strong></span> <span class='ocrx_word' id='word_1_97' title='bbox 714 1612 881 1681; x_wconf 86' lang='lat' dir='ltr'><strong>Existimo</strong></span> <span class='ocrx_word' id='word_1_98' title='bbox 900 1626 1028 1695; x_wconf 91' lang='lat' dir='ltr'><strong>autem,</strong></span> <span class='ocrx_word' id='word_1_99' title='bbox 1046 1627 1130 1683; x_wconf 99' lang='grc' dir='ltr'><strong>ωηο</strong></span> <span class='ocrx_word' id='word_1_100' title='bbox 1146 1618 1185 1687; x_wconf 88' lang='lat' dir='ltr'><strong>S.</strong></span> <span class='ocrx_word' id='word_1_101' title='bbox 1204 1621 1245 1688; x_wconf 89' lang='lat' dir='ltr'><strong>P.</strong></span> <span class='ocrx_word' id='word_1_102' title='bbox 1267 1620 1403 1706; x_wconf 82' lang='lat' dir='ltr'><strong>Ignatio</strong></span> <span class='ocrx_word' id='word_1_103' title='bbox 1421 1643 1472 1689; x_wconf 92' lang='lat' dir='ltr'><strong>res</strong></span> <span class='ocrx_word' id='word_1_104' title='bbox 1488 1619 1571 1685; x_wconf 83' lang='lat' dir='ltr'><strong>multas</strong></span> 
     </span>
     <span class='ocr_line' id='line_1_12' title="bbox 391 1728 1569 1804; baseline 0 -2"><span class='ocrx_word' id='word_1_105' title='bbox 391 1738 436 1804; x_wconf 91' lang='lat' dir='ltr'><strong>de</strong></span> <span class='ocrx_word' id='word_1_106' title='bbox 452 1731 633 1803; x_wconf 87' lang='lat' dir='ltr'><strong>Societatis</strong></span> <span class='ocrx_word' id='word_1_107' title='bbox 650 1743 786 1797; x_wconf 88' lang='lat' dir='ltr'><strong>nostrae</strong></span> <span class='ocrx_word' id='word_1_108' title='bbox 805 1728 965 1797; x_wconf 91' lang='lat' dir='ltr'><strong>instituto</strong></span> <span class='ocrx_word' id='word_1_109' title='bbox 980 1734 1159 1800; x_wconf 83' lang='lat' dir='ltr'><strong>Manresae</strong></span> <span class='ocrx_word' id='word_1_110' title='bbox 1176 1732 1283 1803; x_wconf 81' lang='lat' dir='ltr'><strong>fuisse</strong></span> <span class='ocrx_word' id='word_1_111' title='bbox 1303 1737 1466 1803; x_wconf 86' lang='lat' dir='ltr'><strong>reuelatas</strong></span> <span class='ocrx_word' id='word_1_112' title='bbox 1483 1736 1569 1802; x_wconf 77' lang='lat' dir='ltr'><strong>alteo.</strong></span> 
     </span>
     <span class='ocr_line' id='line_1_13' title="bbox 391 1835 1570 1938; baseline -0.002 -21"><span class='ocrx_word' id='word_1_113' title='bbox 391 1852 486 1930; x_wconf 93' lang='lat' dir='ltr'><strong>dum,</strong></span> <span class='ocrx_word' id='word_1_114' title='bbox 504 1835 675 1917; x_wconf 80' lang='lat' dir='ltr'><strong>exercitiis</strong></span> <span class='ocrx_word' id='word_1_115' title='bbox 694 1845 929 1932; x_wconf 88' lang='lat' dir='ltr'><strong>spiritualibus</strong></span> <span class='ocrx_word' id='word_1_116' title='bbox 945 1867 1085 1929; x_wconf 82' lang='lat' dir='ltr'><strong>uacanS,</strong></span> <span class='ocrx_word' id='word_1_117' title='bbox 1107 1858 1198 1915; x_wconf 83' lang='lat' dir='ltr'><strong>esset</strong></span> <span class='ocrx_word' id='word_1_118' title='bbox 1213 1847 1248 1915; x_wconf 90' lang='lat' dir='ltr'><strong>in</strong></span> <span class='ocrx_word' id='word_1_119' title='bbox 1265 1849 1324 1917; x_wconf 92' lang='lat' dir='ltr'><strong>illo</strong></span> <span class='ocrx_word' id='word_1_120' title='bbox 1344 1862 1444 1938; x_wconf 89' lang='lat' dir='ltr'><strong>raptu</strong></span> <span class='ocrx_word' id='word_1_121' title='bbox 1461 1857 1570 1937; x_wconf 76' lang='lat' dir='ltr'><strong>peracto</strong></span> 
     </span>
     <span class='ocr_line' id='line_1_14' title="bbox 391 1936 1570 2050; baseline -0.003 -17"><span class='ocrx_word' id='word_1_122' title='bbox 391 1966 465 2033; x_wconf 90' lang='lat' dir='ltr'><strong>dies</strong></span> <span class='ocrx_word' id='word_1_123' title='bbox 481 1963 693 2043; x_wconf 89' lang='lat' dir='ltr'><strong>continuato,</strong></span> <span class='ocrx_word' id='word_1_124' title='bbox 711 1936 883 2049; x_wconf 67' lang='lat' dir='ltr'><strong>descripto</strong></span> <span class='ocrx_word' id='word_1_125' title='bbox 899 1984 919 2028; x_wconf 87' lang='lat' dir='ltr'><strong>a</strong></span> <span class='ocrx_word' id='word_1_126' title='bbox 935 1962 1185 2050; x_wconf 83' lang='lat' dir='ltr'><strong>Ribadeneyra,</strong></span> <span class='ocrx_word' id='word_1_127' title='bbox 1200 1966 1223 2032; x_wconf 92' lang='lat' dir='ltr'><strong>l.</strong></span> <span class='ocrx_word' id='word_1_128' title='bbox 1243 1984 1272 2049; x_wconf 92' lang='lat'><strong>1,</strong></span> <span class='ocrx_word' id='word_1_129' title='bbox 1288 1988 1319 2032; x_wconf 93' lang='lat' dir='ltr'><strong>c.</strong></span> <span class='ocrx_word' id='word_1_130' title='bbox 1336 1985 1369 2050; x_wconf 80' lang='lat'><strong>73</strong></span> <span class='ocrx_word' id='word_1_131' title='bbox 1384 1978 1418 2036; x_wconf 90' lang='lat' dir='ltr'><strong>et</strong></span> <span class='ocrx_word' id='word_1_132' title='bbox 1432 1990 1453 2035; x_wconf 92' lang='lat' dir='ltr'><strong>a</strong></span> <span class='ocrx_word' id='word_1_133' title='bbox 1466 1962 1570 2035; x_wconf 75' lang='lat' dir='ltr'><strong>Matteiu.</strong></span> 
     </span>
     <span class='ocr_line' id='line_1_15' title="bbox 391 2076 1570 2163; baseline -0.003 -15"><span class='ocrx_word' id='word_1_134' title='bbox 391 2083 413 2150; x_wconf 94' lang='lat' dir='ltr'><strong>l.</strong></span> <span class='ocrx_word' id='word_1_135' title='bbox 435 2100 464 2163; x_wconf 89' lang='lat'><strong>1,</strong></span> <span class='ocrx_word' id='word_1_136' title='bbox 482 2102 513 2146; x_wconf 92' lang='grc' dir='ltr'><strong>ο.</strong></span> <span class='ocrx_word' id='word_1_137' title='bbox 534 2098 566 2161; x_wconf 84' lang='grc'><strong>7;</strong></span> <span class='ocrx_word' id='word_1_138' title='bbox 585 2090 619 2145; x_wconf 88' lang='lat' dir='ltr'><strong>et</strong></span> <span class='ocrx_word' id='word_1_139' title='bbox 634 2078 678 2145; x_wconf 90' lang='lat' dir='ltr'><strong>ab</strong></span> <span class='ocrx_word' id='word_1_140' title='bbox 706 2076 909 2157; x_wconf 89' lang='lat' dir='ltr'><strong>Orlandino,</strong></span> <span class='ocrx_word' id='word_1_141' title='bbox 938 2079 962 2142; x_wconf 96' lang='lat' dir='ltr'><strong>l.</strong></span> <span class='ocrx_word' id='word_1_142' title='bbox 985 2096 1015 2158; x_wconf 92' lang='lat'><strong>1,</strong></span> <span class='ocrx_word' id='word_1_143' title='bbox 1037 2100 1074 2145; x_wconf 90' lang='lat' dir='ltr'><strong>n.</strong></span> <span class='ocrx_word' id='word_1_144' title='bbox 1093 2080 1147 2146; x_wconf 86' lang='lat'><strong>28.</strong></span> <span class='ocrx_word' id='word_1_145' title='bbox 1178 2083 1322 2151; x_wconf 89' lang='lat' dir='ltr'><strong>Moueor</strong></span> <span class='ocrx_word' id='word_1_146' title='bbox 1337 2084 1458 2150; x_wconf 89' lang='lat' dir='ltr'><strong>adhoc</strong></span> <span class='ocrx_word' id='word_1_147' title='bbox 1471 2080 1570 2149; x_wconf 77' lang='lat' dir='ltr'><strong>nedu-</strong></span> 
     </span>
     <span class='ocr_line' id='line_1_16' title="bbox 390 2192 1571 2285; baseline -0.006 -22"><span class='ocrx_word' id='word_1_148' title='bbox 390 2200 473 2263; x_wconf 94' lang='lat' dir='ltr'><strong>dum</strong></span> <span class='ocrx_word' id='word_1_149' title='bbox 490 2193 696 2263; x_wconf 86' lang='lat' dir='ltr'><strong>authoritate</strong></span> <span class='ocrx_word' id='word_1_150' title='bbox 713 2195 755 2261; x_wconf 89' lang='lat' dir='ltr'><strong>R.</strong></span> <span class='ocrx_word' id='word_1_151' title='bbox 774 2194 814 2258; x_wconf 90' lang='lat' dir='ltr'><strong>P.</strong></span> <span class='ocrx_word' id='word_1_152' title='bbox 835 2192 1003 2261; x_wconf 89' lang='lat' dir='ltr'><strong>Ludouici</strong></span> <span class='ocrx_word' id='word_1_153' title='bbox 1018 2196 1200 2279; x_wconf 88' lang='lat' dir='ltr'><strong>Mansonii,</strong></span> <span class='ocrx_word' id='word_1_154' title='bbox 1213 2197 1341 2265; x_wconf 90' lang='lat' dir='ltr'><strong>muniis</strong></span> <span class='ocrx_word' id='word_1_155' title='bbox 1356 2195 1542 2285; x_wconf 82' lang='lat' dir='ltr'><strong>prouincialis</strong></span> <span class='ocrx_word' id='word_1_156' title='bbox 1549 2208 1571 2257; x_wconf 85' lang='lat' dir='ltr'><strong>rt</strong></span> 
     </span>
     <span class='ocr_line' id='line_1_17' title="bbox 392 2310 1569 2395; baseline -0.003 -17"><span class='ocrx_word' id='word_1_157' title='bbox 392 2310 575 2379; x_wconf 85' lang='lat' dir='ltr'><strong>visitatoris</strong></span> <span class='ocrx_word' id='word_1_158' title='bbox 591 2330 669 2376; x_wconf 91' lang='lat' dir='ltr'><strong>cum</strong></span> <span class='ocrx_word' id='word_1_159' title='bbox 693 2330 819 2395; x_wconf 87' lang='lat' dir='ltr'><strong>magna</strong></span> <span class='ocrx_word' id='word_1_160' title='bbox 845 2310 947 2376; x_wconf 90' lang='lat' dir='ltr'><strong>laude</strong></span> <span class='ocrx_word' id='word_1_161' title='bbox 962 2318 998 2377; x_wconf 91' lang='lat' dir='ltr'><strong>et</strong></span> <span class='ocrx_word' id='word_1_162' title='bbox 1023 2312 1138 2377; x_wconf 84' lang='lat' dir='ltr'><strong>fructu</strong></span> <span class='ocrx_word' id='word_1_163' title='bbox 1160 2312 1376 2381; x_wconf 86' lang='lat' dir='ltr'><strong>subditorum</strong></span> <span class='ocrx_word' id='word_1_164' title='bbox 1399 2314 1434 2381; x_wconf 91' lang='lat' dir='ltr'><strong>in</strong></span> <span class='ocrx_word' id='word_1_165' title='bbox 1447 2311 1569 2383; x_wconf 80' lang='lat' dir='ltr'><strong>Societate</strong></span> 
     </span>
     <span class='ocr_line' id='line_1_18' title="bbox 390 2425 1568 2515; baseline -0.004 -20"><span class='ocrx_word' id='word_1_166' title='bbox 390 2427 492 2495; x_wconf 91' lang='lat' dir='ltr'><strong>obitis</strong></span> <span class='ocrx_word' id='word_1_167' title='bbox 504 2425 744 2505; x_wconf 89' lang='lat' dir='ltr'><strong>commendati,</strong></span> <span class='ocrx_word' id='word_1_168' title='bbox 762 2425 833 2510; x_wconf 92' lang='lat' dir='ltr'><strong>qui,</strong></span> <span class='ocrx_word' id='word_1_169' title='bbox 852 2426 934 2491; x_wconf 90' lang='lat' dir='ltr'><strong>dum</strong></span> <span class='ocrx_word' id='word_1_170' title='bbox 951 2438 1042 2494; x_wconf 88' lang='lat' dir='ltr'><strong>esset</strong></span> <span class='ocrx_word' id='word_1_171' title='bbox 1058 2448 1155 2495; x_wconf 87' lang='lat' dir='ltr'><strong>meus</strong></span> <span class='ocrx_word' id='word_1_172' title='bbox 1177 2428 1211 2494; x_wconf 94' lang='lat' dir='ltr'><strong>in</strong></span> <span class='ocrx_word' id='word_1_173' title='bbox 1234 2450 1377 2497; x_wconf 92' lang='lat' dir='ltr'><strong>romano</strong></span> <span class='ocrx_word' id='word_1_174' title='bbox 1397 2427 1519 2515; x_wconf 85' lang='lat' dir='ltr'><strong>collegio</strong></span> <span class='ocrx_word' id='word_1_175' title='bbox 1532 2442 1568 2487; x_wconf 88' lang='lat' dir='ltr'><strong>re·</strong></span> 
     </span>
     <span class='ocr_line' id='line_1_19' title="bbox 389 2533 1568 2633; baseline -0.003 -22"><span class='ocrx_word' id='word_1_176' title='bbox 389 2556 476 2623; x_wconf 92' lang='lat' dir='ltr'><strong>ctor,</strong></span> <span class='ocrx_word' id='word_1_177' title='bbox 490 2541 574 2608; x_wconf 91' lang='lat' dir='ltr'><strong>mihi</strong></span> <span class='ocrx_word' id='word_1_178' title='bbox 586 2540 684 2623; x_wconf 89' lang='lat' dir='ltr'><strong>dixit,</strong></span> <span class='ocrx_word' id='word_1_179' title='bbox 698 2550 837 2607; x_wconf 89' lang='lat' dir='ltr'><strong>sanctae</strong></span> <span class='ocrx_word' id='word_1_180' title='bbox 850 2540 986 2617; x_wconf 84' lang='lat' dir='ltr'><strong>cuidam</strong></span> <span class='ocrx_word' id='word_1_181' title='bbox 1002 2540 1128 2629; x_wconf 86' lang='lat' dir='ltr'><strong>virgini</strong></span> <span class='ocrx_word' id='word_1_182' title='bbox 1145 2543 1390 2613; x_wconf 88' lang='lat' dir='ltr'><strong>mediolanensi</strong></span> <span class='ocrx_word' id='word_1_183' title='bbox 1402 2540 1511 2633; x_wconf 87' lang='lat' dir='ltr'><strong>probati</strong></span> <span class='ocrx_word' id='word_1_184' title='bbox 1522 2533 1568 2621; x_wconf 72' lang='lat' dir='ltr'><strong>spi·</strong></span> 
     </span>
    </p>
   </div>
   <div class='ocr_carea' id='block_1_6' title="bbox 390 2648 1655 2743">
    <p class='ocr_par' dir='ltr' id='par_1_6' title="bbox 390 2648 1655 2743">
     <span class='ocr_line' id='line_1_20' title="bbox 390 2648 1655 2743; baseline -0.004 -17"><span class='ocrx_word' id='word_1_185' title='bbox 390 2660 476 2727; x_wconf 90' lang='lat' dir='ltr'><strong>ritus</strong></span> <span class='ocrx_word' id='word_1_186' title='bbox 503 2658 568 2725; x_wconf 91' lang='lat' dir='ltr'><strong>sibi</strong></span> <span class='ocrx_word' id='word_1_187' title='bbox 590 2658 698 2724; x_wconf 87' lang='lat' dir='ltr'><strong>Nolae</strong></span> <span class='ocrx_word' id='word_1_188' title='bbox 719 2656 925 2743; x_wconf 86' lang='lat' dir='ltr'><strong>(Mediolano</strong></span> <span class='ocrx_word' id='word_1_189' title='bbox 952 2669 1069 2726; x_wconf 92' lang='lat' dir='ltr'><strong>autem</strong></span> <span class='ocrx_word' id='word_1_190' title='bbox 1095 2669 1179 2726; x_wconf 92' lang='lat' dir='ltr'><strong>tunc</strong></span> <span class='ocrx_word' id='word_1_191' title='bbox 1206 2672 1365 2743; x_wconf 89' lang='lat' dir='ltr'><strong>uenerat,</strong></span> <span class='ocrx_word' id='word_1_192' title='bbox 1394 2668 1529 2731; x_wconf 84' lang='lat' dir='ltr'><strong>euocatus</strong></span> <span class='ocrx_word' id='word_1_193' title='bbox 1539 2648 1567 2713; x_wconf 69' lang='lat'><strong>³1</strong></span> <span class='ocrx_word' id='word_1_194' title='bbox 1654 2683 1655 2692; x_wconf 49' lang='lat'>¹</span> 
     </span>
    </p>
   </div>
   <div class='ocr_carea' id='block_1_7' title="bbox 389 2769 1568 3671">
    <p class='ocr_par' dir='ltr' id='par_1_7' title="bbox 389 2769 1568 3671">
     <span class='ocr_line' id='line_1_21' title="bbox 391 2769 1564 2863; baseline -0.005 -21"><span class='ocrx_word' id='word_1_195' title='bbox 391 2775 656 2863; x_wconf 85' lang='lat' dir='ltr'><strong>gubernandum</strong></span> <span class='ocrx_word' id='word_1_196' title='bbox 685 2794 861 2839; x_wconf 90' lang='lat' dir='ltr'><strong>romanum</strong></span> <span class='ocrx_word' id='word_1_197' title='bbox 883 2773 1078 2860; x_wconf 85' lang='lat' dir='ltr'><strong>collegium)</strong></span> <span class='ocrx_word' id='word_1_198' title='bbox 1098 2772 1264 2842; x_wconf 89' lang='lat' dir='ltr'><strong>diuinitus</strong></span> <span class='ocrx_word' id='word_1_199' title='bbox 1285 2778 1464 2848; x_wconf 87' lang='lat' dir='ltr'><strong>reuelatum</strong></span> <span class='ocrx_word' id='word_1_200' title='bbox 1483 2769 1564 2837; x_wconf 71' lang='lat' dir='ltr'><strong>suae.</strong></span> 
     </span>
     <span class='ocr_line' id='line_1_22' title="bbox 389 2886 1568 2977; baseline -0.006 -19"><span class='ocrx_word' id='word_1_201' title='bbox 389 2893 483 2977; x_wconf 92' lang='lat' dir='ltr'><strong>quod</strong></span> <span class='ocrx_word' id='word_1_202' title='bbox 501 2891 535 2955; x_wconf 92' lang='lat' dir='ltr'><strong>in</strong></span> <span class='ocrx_word' id='word_1_203' title='bbox 556 2890 614 2955; x_wconf 92' lang='lat' dir='ltr'><strong>illo</strong></span> <span class='ocrx_word' id='word_1_204' title='bbox 631 2888 816 2955; x_wconf 89' lang='lat' dir='ltr'><strong>octiduano</strong></span> <span class='ocrx_word' id='word_1_205' title='bbox 832 2898 932 2973; x_wconf 88' lang='lat' dir='ltr'><strong>raptu</strong></span> <span class='ocrx_word' id='word_1_206' title='bbox 950 2889 1044 2956; x_wconf 90' lang='lat' dir='ltr'><strong>Patri</strong></span> <span class='ocrx_word' id='word_1_207' title='bbox 1060 2901 1178 2956; x_wconf 90' lang='lat' dir='ltr'><strong>nostro</strong></span> <span class='ocrx_word' id='word_1_208' title='bbox 1190 2892 1326 2977; x_wconf 85' lang='lat' dir='ltr'><strong>Ignatio</strong></span> <span class='ocrx_word' id='word_1_209' title='bbox 1341 2886 1568 2960; x_wconf 64' lang='lat' dir='ltr'><strong>fundatoribus</strong></span> 
     </span>
     <span class='ocr_line' id='line_1_23' title="bbox 389 2988 1566 3095; baseline -0.006 -22"><span class='ocrx_word' id='word_1_210' title='bbox 389 3006 550 3076; x_wconf 85' lang='lat' dir='ltr'><strong>reuelarit</strong></span> <span class='ocrx_word' id='word_1_211' title='bbox 567 3004 763 3093; x_wconf 87' lang='lat' dir='ltr'><strong>institutum</strong></span> <span class='ocrx_word' id='word_1_212' title='bbox 780 3002 974 3070; x_wconf 88' lang='lat' dir='ltr'><strong>Societatis.</strong></span> <span class='ocrx_word' id='word_1_213' title='bbox 994 3006 1105 3071; x_wconf 89' lang='lat' dir='ltr'><strong>Porro</strong></span> <span class='ocrx_word' id='word_1_214' title='bbox 1120 3016 1157 3073; x_wconf 90' lang='lat' dir='ltr'><strong>et</strong></span> <span class='ocrx_word' id='word_1_215' title='bbox 1172 3006 1263 3075; x_wconf 88' lang='lat' dir='ltr'><strong>uitae</strong></span> <span class='ocrx_word' id='word_1_216' title='bbox 1275 3008 1314 3075; x_wconf 88' lang='lat' dir='ltr'><strong>S.</strong></span> <span class='ocrx_word' id='word_1_217' title='bbox 1328 3005 1445 3095; x_wconf 84' lang='lat' dir='ltr'><strong>Ignatii</strong></span> <span class='ocrx_word' id='word_1_218' title='bbox 1458 3014 1486 3070; x_wconf 88' lang='lat' dir='ltr'><strong>et</strong></span> <span class='ocrx_word' id='word_1_219' title='bbox 1493 2988 1566 3067; x_wconf 79' lang='lat' dir='ltr'><strong>Diarii</strong></span> 
     </span>
     <span class='ocr_line' id='line_1_24' title="bbox 389 3111 1563 3207; baseline -0.018 -17"><span class='ocrx_word' id='word_1_220' title='bbox 389 3148 409 3189; x_wconf 90' lang='lat' dir='ltr'><strong>a</strong></span> <span class='ocrx_word' id='word_1_221' title='bbox 428 3126 467 3189; x_wconf 90' lang='lat' dir='ltr'><strong>P.</strong></span> <span class='ocrx_word' id='word_1_222' title='bbox 488 3119 665 3189; x_wconf 91' lang='lat' dir='ltr'><strong>Ludouico</strong></span> <span class='ocrx_word' id='word_1_223' title='bbox 679 3118 853 3185; x_wconf 85' lang='lat' dir='ltr'><strong>Consaluo</strong></span> <span class='ocrx_word' id='word_1_224' title='bbox 870 3118 987 3205; x_wconf 82' lang='lat' dir='ltr'><strong>scripti</strong></span> <span class='ocrx_word' id='word_1_225' title='bbox 1004 3141 1130 3207; x_wconf 83' lang='lat' dir='ltr'><strong>magna</strong></span> <span class='ocrx_word' id='word_1_226' title='bbox 1146 3122 1248 3189; x_wconf 89' lang='lat' dir='ltr'><strong>debet</strong></span> <span class='ocrx_word' id='word_1_227' title='bbox 1259 3144 1336 3191; x_wconf 85' lang='lat' dir='ltr'><strong>esse</strong></span> <span class='ocrx_word' id='word_1_228' title='bbox 1348 3124 1468 3191; x_wconf 86' lang='lat' dir='ltr'><strong>fideset</strong></span> <span class='ocrx_word' id='word_1_229' title='bbox 1479 3111 1563 3183; x_wconf 85' lang='lat' dir='ltr'><strong>autho·</strong></span> 
     </span>
     <span class='ocr_line' id='line_1_25' title="bbox 389 3220 1566 3321; baseline -0.007 -18"><span class='ocrx_word' id='word_1_230' title='bbox 389 3237 483 3316; x_wconf 89' lang='lat' dir='ltr'><strong>ritas,</strong></span> <span class='ocrx_word' id='word_1_231' title='bbox 504 3235 583 3321; x_wconf 91' lang='lat' dir='ltr'><strong>quia</strong></span> <span class='ocrx_word' id='word_1_232' title='bbox 599 3232 733 3320; x_wconf 85' lang='lat' dir='ltr'><strong>scripsit</strong></span> <span class='ocrx_word' id='word_1_233' title='bbox 749 3254 840 3319; x_wconf 88' lang='lat' dir='ltr'><strong>quae</strong></span> <span class='ocrx_word' id='word_1_234' title='bbox 857 3256 877 3300; x_wconf 89' lang='lat' dir='ltr'><strong>a</strong></span> <span class='ocrx_word' id='word_1_235' title='bbox 893 3234 930 3301; x_wconf 91' lang='lat' dir='ltr'><strong>S.</strong></span> <span class='ocrx_word' id='word_1_236' title='bbox 951 3236 1054 3303; x_wconf 90' lang='lat' dir='ltr'><strong>Patre</strong></span> <span class='ocrx_word' id='word_1_237' title='bbox 1069 3235 1135 3302; x_wconf 90' lang='lat' dir='ltr'><strong>sibi</strong></span> <span class='ocrx_word' id='word_1_238' title='bbox 1149 3236 1244 3303; x_wconf 80' lang='lat' dir='ltr'><strong>dicta</strong></span> <span class='ocrx_word' id='word_1_239' title='bbox 1257 3238 1390 3305; x_wconf 89' lang='lat' dir='ltr'><strong>audiuit</strong></span> <span class='ocrx_word' id='word_1_240' title='bbox 1404 3248 1436 3307; x_wconf 88' lang='lat' dir='ltr'><strong>et</strong></span> <span class='ocrx_word' id='word_1_241' title='bbox 1448 3234 1476 3299; x_wconf 92' lang='lat' dir='ltr'><strong>in</strong></span> <span class='ocrx_word' id='word_1_242' title='bbox 1488 3248 1520 3296; x_wconf 87' lang='lat' dir='ltr'><strong>eo</strong></span> <span class='ocrx_word' id='word_1_243' title='bbox 1532 3220 1566 3285; x_wconf 73' lang='lat' dir='ltr'><strong>ui·</strong></span> 
     </span>
     <span class='ocr_line' id='line_1_26' title="bbox 390 3344 1565 3439; baseline -0.006 -21"><span class='ocrx_word' id='word_1_244' title='bbox 390 3352 452 3433; x_wconf 92' lang='lat' dir='ltr'><strong>dit,</strong></span> <span class='ocrx_word' id='word_1_245' title='bbox 471 3363 506 3417; x_wconf 88' lang='lat' dir='ltr'><strong>et</strong></span> <span class='ocrx_word' id='word_1_246' title='bbox 523 3350 754 3437; x_wconf 87' lang='lat' dir='ltr'><strong>quotidianam</strong></span> <span class='ocrx_word' id='word_1_247' title='bbox 772 3348 988 3419; x_wconf 89' lang='lat' dir='ltr'><strong>occasionem</strong></span> <span class='ocrx_word' id='word_1_248' title='bbox 1004 3350 1124 3417; x_wconf 90' lang='lat' dir='ltr'><strong>habuit</strong></span> <span class='ocrx_word' id='word_1_249' title='bbox 1144 3374 1223 3419; x_wconf 90' lang='lat' dir='ltr'><strong>eum</strong></span> <span class='ocrx_word' id='word_1_250' title='bbox 1238 3353 1430 3439; x_wconf 88' lang='lat' dir='ltr'><strong>alloquendi</strong></span> <span class='ocrx_word' id='word_1_251' title='bbox 1445 3360 1474 3417; x_wconf 89' lang='lat' dir='ltr'><strong>et</strong></span> <span class='ocrx_word' id='word_1_252' title='bbox 1484 3344 1565 3411; x_wconf 80' lang='lat' dir='ltr'><strong>obser·</strong></span> 
     </span>
     <span class='ocr_line' id='line_1_27' title="bbox 391 3451 1567 3551; baseline -0.009 -18"><span class='ocrx_word' id='word_1_253' title='bbox 391 3466 506 3546; x_wconf 88' lang='lat' dir='ltr'><strong>uandi,</strong></span> <span class='ocrx_word' id='word_1_254' title='bbox 525 3466 651 3551; x_wconf 89' lang='lat' dir='ltr'><strong>quippe</strong></span> <span class='ocrx_word' id='word_1_255' title='bbox 672 3464 827 3532; x_wconf 86' lang='lat' dir='ltr'><strong>minister</strong></span> <span class='ocrx_word' id='word_1_256' title='bbox 841 3465 964 3531; x_wconf 92' lang='lat' dir='ltr'><strong>domus</strong></span> <span class='ocrx_word' id='word_1_257' title='bbox 985 3466 1159 3551; x_wconf 82' lang='lat' dir='ltr'><strong>professae</strong></span> <span class='ocrx_word' id='word_1_258' title='bbox 1179 3490 1340 3536; x_wconf 89' lang='lat' dir='ltr'><strong>romanae</strong></span> <span class='ocrx_word' id='word_1_259' title='bbox 1356 3491 1377 3535; x_wconf 93' lang='lat' dir='ltr'><strong>a</strong></span> <span class='ocrx_word' id='word_1_260' title='bbox 1395 3471 1428 3538; x_wconf 93' lang='lat' dir='ltr'><strong>S.</strong></span> <span class='ocrx_word' id='word_1_261' title='bbox 1444 3451 1567 3533; x_wconf 71' lang='lat' dir='ltr'><strong>Parata·</strong></span> 
     </span>
     <span class='ocr_line' id='line_1_28' title="bbox 389 3576 1567 3671; baseline -0.001 -22"><span class='ocrx_word' id='word_1_262' title='bbox 389 3595 479 3662; x_wconf 75' lang='lat' dir='ltr'><strong>ctuS,</strong></span> <span class='ocrx_word' id='word_1_263' title='bbox 494 3593 528 3649; x_wconf 84' lang='lat' dir='ltr'><strong>et</strong></span> <span class='ocrx_word' id='word_1_264' title='bbox 541 3582 585 3647; x_wconf 91' lang='lat' dir='ltr'><strong>ob</strong></span> <span class='ocrx_word' id='word_1_265' title='bbox 597 3584 689 3646; x_wconf 88' lang='lat' dir='ltr'><strong>hune</strong></span> <span class='ocrx_word' id='word_1_266' title='bbox 703 3582 805 3646; x_wconf 86' lang='lat' dir='ltr'><strong>finem</strong></span> <span class='ocrx_word' id='word_1_267' title='bbox 818 3590 939 3646; x_wconf 90' lang='lat' dir='ltr'><strong>sancto</strong></span> <span class='ocrx_word' id='word_1_268' title='bbox 950 3581 1029 3647; x_wconf 93' lang='lat' dir='ltr'><strong>dolo</strong></span> <span class='ocrx_word' id='word_1_269' title='bbox 1041 3584 1215 3671; x_wconf 89' lang='lat' dir='ltr'><strong>aJoanne,</strong></span> <span class='ocrx_word' id='word_1_270' title='bbox 1230 3594 1313 3650; x_wconf 91' lang='lat' dir='ltr'><strong>tunc</strong></span> <span class='ocrx_word' id='word_1_271' title='bbox 1326 3583 1474 3670; x_wconf 82' lang='lat' dir='ltr'><strong>principe,</strong></span> <span class='ocrx_word' id='word_1_272' title='bbox 1483 3576 1567 3661; x_wconf 60' lang='lat' dir='ltr'><strong>psssiffl</strong></span> 
     </span>
    </p>
   </div>
   <div class='ocr_carea' id='block_1_8' title="bbox 390 3683 1654 3783">
    <p class='ocr_par' dir='ltr' id='par_1_8' title="bbox 390 3683 1654 3783">
     <span class='ocr_line' id='line_1_29' title="bbox 390 3683 1654 3783; baseline 0.002 -19"><span class='ocrx_word' id='word_1_273' title='bbox 390 3720 473 3783; x_wconf 84' lang='lat' dir='ltr'><strong>rege</strong></span> <span class='ocrx_word' id='word_1_274' title='bbox 491 3694 686 3763; x_wconf 89' lang='lat' dir='ltr'><strong>Lusitaniae</strong></span> <span class='ocrx_word' id='word_1_275' title='bbox 706 3698 719 3731; x_wconf 86' lang='lat'><strong>⁸</strong></span> <span class='ocrx_word' id='word_1_276' title='bbox 743 3695 853 3783; x_wconf 84' lang='lat' dir='ltr'><strong>(cuius</strong></span> <span class='ocrx_word' id='word_1_277' title='bbox 873 3696 938 3761; x_wconf 82' lang='lat' dir='ltr'><strong>luit</strong></span> <span class='ocrx_word' id='word_1_278' title='bbox 958 3696 1211 3783; x_wconf 78' lang='lat' dir='ltr'><strong>confessarius),</strong></span> <span class='ocrx_word' id='word_1_279' title='bbox 1234 3701 1378 3767; x_wconf 90' lang='lat' dir='ltr'><strong>Romam</strong></span> <span class='ocrx_word' id='word_1_280' title='bbox 1399 3698 1508 3768; x_wconf 62' lang='lat' dir='ltr'><strong>missust</strong></span> <span class='ocrx_word' id='word_1_281' title='bbox 1528 3683 1568 3739; x_wconf 60' lang='lat'>‘¹¹¹‘</span> <span class='ocrx_word' id='word_1_282' title='bbox 1653 3689 1654 3698; x_wconf 37' lang='lat'>¹</span> 
     </span>
    </p>
   </div>
   <div class='ocr_carea' id='block_1_9' title="bbox 395 3814 591 3823">
    <p class='ocr_par' dir='ltr' id='par_1_9' title="bbox 395 3814 591 3823">
     <span class='ocr_line' id='line_1_30' title="bbox 395 3814 591 3823; baseline -0.015 0"><span class='ocrx_word' id='word_1_283' title='bbox 395 3814 591 3823; x_wconf 77' lang='lat'><strong>——-.——</strong></span> 
     </span>
    </p>
   </div>
   <div class='ocr_carea' id='block_1_10' title="bbox 388 3838 1569 4456">
    <p class='ocr_par' dir='ltr' id='par_1_10' title="bbox 388 3838 1569 4456">
     <span class='ocr_line' id='line_1_31' title="bbox 442 3838 1568 3924; baseline -0.001 -21"><span class='ocrx_word' id='word_1_284' title='bbox 442 3852 453 3883; x_wconf 75' lang='lat'>⁸</span> <span class='ocrx_word' id='word_1_285' title='bbox 491 3849 613 3903; x_wconf 88' lang='lat' dir='ltr'><strong>Fallitur</strong></span> <span class='ocrx_word' id='word_1_286' title='bbox 626 3846 791 3917; x_wconf 78' lang='lat' dir='ltr'><strong>Lauricius,</strong></span> <span class='ocrx_word' id='word_1_287' title='bbox 806 3846 952 3919; x_wconf 88' lang='lat' dir='ltr'><strong>siquidem</strong></span> <span class='ocrx_word' id='word_1_288' title='bbox 966 3849 1096 3919; x_wconf 82' lang='lat' dir='ltr'><strong>Joannes</strong></span> <span class='ocrx_word' id='word_1_289' title='bbox 1110 3842 1152 3904; x_wconf 87' lang='grc' dir='ltr'><strong>[ΙΙ</strong></span> <span class='ocrx_word' id='word_1_290' title='bbox 1165 3856 1290 3921; x_wconf 73' lang='lat' dir='ltr'><strong>regnare</strong></span> <span class='ocrx_word' id='word_1_291' title='bbox 1302 3854 1504 3924; x_wconf 69' lang='lat' dir='ltr'><strong>coeperunnt</strong></span> <span class='ocrx_word' id='word_1_292' title='bbox 1513 3838 1568 3899; x_wconf 73' lang='lat'>¹5²¹’</span> 
     </span>
     <span class='ocr_line' id='line_1_32' title="bbox 389 3924 1567 4012; baseline -0.002 -20"><span class='ocrx_word' id='word_1_293' title='bbox 389 3937 438 3993; x_wconf 86' lang='lat' dir='ltr'><strong>die</strong></span> <span class='ocrx_word' id='word_1_294' title='bbox 455 3936 487 3991; x_wconf 85' lang='lat'><strong>13</strong></span> <span class='ocrx_word' id='word_1_295' title='bbox 501 3936 686 4003; x_wconf 87' lang='lat' dir='ltr'><strong>Decembris,</strong></span> <span class='ocrx_word' id='word_1_296' title='bbox 699 3952 758 4008; x_wconf 91' lang='lat' dir='ltr'><strong>quo</strong></span> <span class='ocrx_word' id='word_1_297' title='bbox 775 3935 824 3991; x_wconf 88' lang='lat' dir='ltr'><strong>die</strong></span> <span class='ocrx_word' id='word_1_298' title='bbox 843 3938 1026 4005; x_wconf 86' lang='lat' dir='ltr'><strong>Emmanuel,</strong></span> <span class='ocrx_word' id='word_1_299' title='bbox 1040 3954 1103 4005; x_wconf 86' lang='lat' dir='ltr'><strong>rex,</strong></span> <span class='ocrx_word' id='word_1_300' title='bbox 1127 3932 1192 4010; x_wconf 72' lang='lat' dir='ltr'><strong>ejus</strong></span> <span class='ocrx_word' id='word_1_301' title='bbox 1213 3948 1308 4012; x_wconf 85' lang='lat' dir='ltr'><strong>pater,</strong></span> <span class='ocrx_word' id='word_1_302' title='bbox 1331 3942 1421 3997; x_wconf 80' lang='lat' dir='ltr'><strong>vitam</strong></span> <span class='ocrx_word' id='word_1_303' title='bbox 1438 3948 1490 3993; x_wconf 77' lang='lat' dir='ltr'><strong>cum</strong></span> <span class='ocrx_word' id='word_1_304' title='bbox 1502 3924 1567 3978; x_wconf 47' lang='grc' dir='ltr'><strong>ΝΜ</strong></span> 
     </span>
     <span class='ocr_line' id='line_1_33' title="bbox 388 4006 1568 4101; baseline 0.003 -19"><span class='ocrx_word' id='word_1_305' title='bbox 388 4024 593 4082; x_wconf 88' lang='lat' dir='ltr'><strong>commutavit.</strong></span> <span class='ocrx_word' id='word_1_306' title='bbox 609 4026 707 4079; x_wconf 87' lang='lat' dir='ltr'><strong>Verba</strong></span> <span class='ocrx_word' id='word_1_307' title='bbox 719 4034 818 4079; x_wconf 88' lang='lat' dir='ltr'><strong>autem</strong></span> <span class='ocrx_word' id='word_1_308' title='bbox 832 4025 928 4080; x_wconf 86' lang='lat' dir='ltr'><strong>Patris</strong></span> <span class='ocrx_word' id='word_1_309' title='bbox 945 4024 1171 4098; x_wconf 83' lang='lat' dir='ltr'><strong>Ribadeneirae,</strong></span> <span class='ocrx_word' id='word_1_310' title='bbox 1183 4028 1235 4101; x_wconf 91' lang='lat' dir='ltr'><strong>qui</strong></span> <span class='ocrx_word' id='word_1_311' title='bbox 1252 4029 1353 4085; x_wconf 89' lang='lat' dir='ltr'><strong>statim</strong></span> <span class='ocrx_word' id='word_1_312' title='bbox 1371 4049 1389 4086; x_wconf 86' lang='lat' dir='ltr'><strong>a</strong></span> <span class='ocrx_word' id='word_1_313' title='bbox 1408 4014 1517 4085; x_wconf 70' lang='lat' dir='ltr'><strong>laneicio</strong></span> <span class='ocrx_word' id='word_1_314' title='bbox 1528 4006 1568 4061; x_wconf 54' lang='lat'><strong>¹¹¹*</strong></span> 
     </span>
     <span class='ocr_line' id='line_1_34' title="bbox 389 4088 1568 4187; baseline -0.001 -17"><span class='ocrx_word' id='word_1_315' title='bbox 389 4116 486 4187; x_wconf 87' lang='lat' dir='ltr'><strong>datur,</strong></span> <span class='ocrx_word' id='word_1_316' title='bbox 504 4124 573 4169; x_wconf 88' lang='lat' dir='ltr'><strong>sunt</strong></span> <span class='ocrx_word' id='word_1_317' title='bbox 590 4113 765 4185; x_wconf 82' lang='lat' dir='ltr'><strong>hujusmodi:</strong></span> <span class='ocrx_word' id='word_1_318' title='bbox 786 4116 927 4169; x_wconf 78' lang='lat' dir='ltr'><strong>«loannes</strong></span> <span class='ocrx_word' id='word_1_319' title='bbox 940 4114 1059 4170; x_wconf 80' lang='lat' dir='ltr'><strong>Tertius</strong></span> <span class='ocrx_word' id='word_1_320' title='bbox 1079 4116 1249 4172; x_wconf 83' lang='lat' dir='ltr'><strong>Lusitaniae</strong></span> <span class='ocrx_word' id='word_1_321' title='bbox 1266 4119 1330 4173; x_wconf 86' lang='lat' dir='ltr'><strong>Rex</strong></span> <span class='ocrx_word' id='word_1_322' title='bbox 1350 4118 1489 4175; x_wconf 74' lang='lat' dir='ltr'><strong>eximius..-</strong></span> <span class='ocrx_word' id='word_1_323' title='bbox 1503 4088 1568 4153; x_wconf 53' lang='grc' dir='ltr'><strong>ΜΨ</strong></span> 
     </span>
     <span class='ocr_line' id='line_1_35' title="bbox 391 4184 1567 4275; baseline 0.001 -16"><span class='ocrx_word' id='word_1_324' title='bbox 391 4206 457 4259; x_wconf 92' lang='lat' dir='ltr'><strong>uico</strong></span> <span class='ocrx_word' id='word_1_325' title='bbox 470 4204 593 4259; x_wconf 90' lang='lat' dir='ltr'><strong>Gonzali</strong></span> <span class='ocrx_word' id='word_1_326' title='bbox 606 4202 669 4275; x_wconf 89' lang='lat' dir='ltr'><strong>(qui</strong></span> <span class='ocrx_word' id='word_1_327' title='bbox 682 4202 783 4257; x_wconf 88' lang='lat' dir='ltr'><strong>Ioanni</strong></span> <span class='ocrx_word' id='word_1_328' title='bbox 797 4202 926 4275; x_wconf 89' lang='lat' dir='ltr'><strong>Principi</strong></span> <span class='ocrx_word' id='word_1_329' title='bbox 938 4202 1062 4259; x_wconf 84' lang='lat' dir='ltr'><strong>filiosuo</strong></span> <span class='ocrx_word' id='word_1_330' title='bbox 1074 4221 1091 4258; x_wconf 91' lang='lat' dir='ltr'><strong>a</strong></span> <span class='ocrx_word' id='word_1_331' title='bbox 1103 4204 1340 4263; x_wconf 78' lang='lat' dir='ltr'><strong>confessionibus</strong></span> <span class='ocrx_word' id='word_1_332' title='bbox 1350 4200 1481 4273; x_wconf 73' lang='lat' dir='ltr'><strong>fuerattin</strong></span> <span class='ocrx_word' id='word_1_333' title='bbox 1491 4184 1567 4243; x_wconf 54' lang='grc' dir='ltr'><strong>ΨΜ</strong></span> 
     </span>
     <span class='ocr_line' id='line_1_36' title="bbox 390 4270 1568 4367; baseline 0 -19"><span class='ocrx_word' id='word_1_334' title='bbox 390 4291 588 4367; x_wconf 86' lang='lat' dir='ltr'><strong>proficiscenti</strong></span> <span class='ocrx_word' id='word_1_335' title='bbox 602 4289 730 4361; x_wconf 88' lang='lat' dir='ltr'><strong>mandat,</strong></span> <span class='ocrx_word' id='word_1_336' title='bbox 750 4300 781 4345; x_wconf 93' lang='lat' dir='ltr'><strong>vt</strong></span> <span class='ocrx_word' id='word_1_337' title='bbox 800 4291 898 4345; x_wconf 90' lang='lat' dir='ltr'><strong>omnia</strong></span> <span class='ocrx_word' id='word_1_338' title='bbox 915 4291 1023 4361; x_wconf 81' lang='lat' dir='ltr'><strong>Ignatii</strong></span> <span class='ocrx_word' id='word_1_339' title='bbox 1041 4292 1129 4365; x_wconf 87' lang='lat' dir='ltr'><strong>dicta,</strong></span> <span class='ocrx_word' id='word_1_340' title='bbox 1145 4292 1280 4367; x_wconf 79' lang='lat' dir='ltr'><strong>iactaque</strong></span> <span class='ocrx_word' id='word_1_341' title='bbox 1294 4297 1410 4353; x_wconf 84' lang='lat' dir='ltr'><strong>curiose</strong></span> <span class='ocrx_word' id='word_1_342' title='bbox 1426 4279 1538 4349; x_wconf 59' lang='lat' dir='ltr'><strong>obffl‘b</strong></span> <span class='ocrx_word' id='word_1_343' title='bbox 1548 4270 1568 4314; x_wconf 73' lang='lat'><strong>‘¹</strong></span> 
     </span>
     <span class='ocr_line' id='line_1_37' title="bbox 389 4354 1569 4456; baseline -0.004 -18"><span class='ocrx_word' id='word_1_344' title='bbox 389 4382 427 4438; x_wconf 91' lang='lat' dir='ltr'><strong>ad</strong></span> <span class='ocrx_word' id='word_1_345' title='bbox 441 4400 472 4437; x_wconf 88' lang='lat' dir='ltr'><strong>se</strong></span> <span class='ocrx_word' id='word_1_346' title='bbox 486 4382 646 4452; x_wconf 85' lang='lat' dir='ltr'><strong>diligenter</strong></span> <span class='ocrx_word' id='word_1_347' title='bbox 660 4380 832 4452; x_wconf 88' lang='lat' dir='ltr'><strong>perscribat:</strong></span> <span class='ocrx_word' id='word_1_348' title='bbox 847 4388 877 4435; x_wconf 89' lang='lat' dir='ltr'><strong>et</strong></span> <span class='ocrx_word' id='word_1_349' title='bbox 890 4380 1010 4452; x_wconf 91' lang='lat' dir='ltr'><strong>quidde</strong></span> <span class='ocrx_word' id='word_1_350' title='bbox 1024 4389 1087 4436; x_wconf 92' lang='lat' dir='ltr'><strong>toto</strong></span> <span class='ocrx_word' id='word_1_351' title='bbox 1099 4382 1218 4439; x_wconf 88' lang='lat' dir='ltr'><strong>homine</strong></span> <span class='ocrx_word' id='word_1_352' title='bbox 1231 4384 1288 4456; x_wconf 90' lang='lat' dir='ltr'><strong>ipsi</strong></span> <span class='ocrx_word' id='word_1_353' title='bbox 1300 4384 1441 4451; x_wconf 84' lang='lat' dir='ltr'><strong>videatur,</strong></span> <span class='ocrx_word' id='word_1_354' title='bbox 1452 4354 1569 4448; x_wconf 52' lang='lat' dir='ltr'><strong>ipsqui*</strong></span> 
     </span>
    </p>
   </div>
   <div class='ocr_carea' id='block_1_11' title="bbox 388 4452 1653 4547">
    <p class='ocr_par' dir='ltr' id='par_1_11' title="bbox 388 4452 1653 4547">
     <span class='ocr_line' id='line_1_38' title="bbox 388 4452 1653 4547; baseline -0.003 -20"><span class='ocrx_word' id='word_1_355' title='bbox 388 4490 457 4543; x_wconf 87' lang='lat' dir='ltr'><strong>gem</strong></span> <span class='ocrx_word' id='word_1_356' title='bbox 471 4473 627 4527; x_wconf 86' lang='lat' dir='ltr'><strong>certiorem</strong></span> <span class='ocrx_word' id='word_1_357' title='bbox 645 4469 766 4525; x_wconf 84' lang='lat' dir='ltr'><strong>faciat».</strong></span> <span class='ocrx_word' id='word_1_358' title='bbox 791 4468 859 4523; x_wconf 80' lang='lat' dir='ltr'><strong>Vita</strong></span> <span class='ocrx_word' id='word_1_359' title='bbox 877 4471 997 4543; x_wconf 82' lang='lat' dir='ltr'><strong>Ignatii</strong></span> <span class='ocrx_word' id='word_1_360' title='bbox 1021 4470 1152 4537; x_wconf 80' lang='lat' dir='ltr'><strong>Loioloe‚</strong></span> <span class='ocrx_word' id='word_1_361' title='bbox 1167 4471 1218 4528; x_wconf 92' lang='lat' dir='ltr'><strong>lib.</strong></span> <span class='ocrx_word' id='word_1_362' title='bbox 1239 4474 1290 4545; x_wconf 81' lang='grc' dir='ltr'><strong>Ν,</strong></span> <span class='ocrx_word' id='word_1_363' title='bbox 1305 4490 1371 4547; x_wconf 89' lang='lat' dir='ltr'><strong>cap.</strong></span> <span class='ocrx_word' id='word_1_364' title='bbox 1388 4452 1568 4545; x_wconf 62' lang='grc' dir='ltr'><strong>17.Ρ(1ῐῐοῐ)“““Γ</strong></span> <span class='ocrx_word' id='word_1_365' title='bbox 1652 4515 1653 4518; x_wconf 63' lang='grc'>,</span> 
     </span>
    </p>
   </div>
   <div class='ocr_carea' id='block_1_12' title="bbox 389 4536 1568 4722">
    <p class='ocr_par' dir='ltr' id='par_1_12' title="bbox 389 4536 1568 4722">
     <span class='ocr_line' id='line_1_39' title="bbox 390 4536 1568 4635; baseline 0 -18"><span class='ocrx_word' id='word_1_366' title='bbox 390 4578 461 4635; x_wconf 85' lang='lat' dir='ltr'><strong>ceps</strong></span> <span class='ocrx_word' id='word_1_367' title='bbox 476 4562 617 4633; x_wconf 84' lang='lat' dir='ltr'><strong>Joannes,</strong></span> <span class='ocrx_word' id='word_1_368' title='bbox 628 4558 665 4613; x_wconf 85' lang='lat' dir='ltr'><strong>de</strong></span> <span class='ocrx_word' id='word_1_369' title='bbox 678 4575 737 4632; x_wconf 90' lang='lat' dir='ltr'><strong>quo</strong></span> <span class='ocrx_word' id='word_1_370' title='bbox 749 4559 797 4614; x_wconf 91' lang='lat' dir='ltr'><strong>hic</strong></span> <span class='ocrx_word' id='word_1_371' title='bbox 811 4568 856 4615; x_wconf 88' lang='lat' dir='ltr'><strong>est</strong></span> <span class='ocrx_word' id='word_1_372' title='bbox 870 4576 977 4622; x_wconf 76' lang='lat' dir='ltr'><strong>sermo,</strong></span> <span class='ocrx_word' id='word_1_373' title='bbox 997 4578 1050 4615; x_wconf 83' lang='lat' dir='ltr'><strong>rex</strong></span> <span class='ocrx_word' id='word_1_374' title='bbox 1070 4579 1231 4635; x_wconf 88' lang='lat' dir='ltr'><strong>numquam</strong></span> <span class='ocrx_word' id='word_1_375' title='bbox 1244 4562 1311 4635; x_wconf 84' lang='lat' dir='ltr'><strong>tuit,</strong></span> <span class='ocrx_word' id='word_1_376' title='bbox 1329 4581 1397 4620; x_wconf 89' lang='lat' dir='ltr'><strong>nam</strong></span> <span class='ocrx_word' id='word_1_377' title='bbox 1416 4564 1471 4617; x_wconf 78' lang='lat' dir='ltr'><strong>ante</strong></span> <span class='ocrx_word' id='word_1_378' title='bbox 1488 4536 1568 4617; x_wconf 70' lang='lat' dir='ltr'><strong>1³⁸trem</strong></span> 
     </span>
     <span class='ocr_line' id='line_1_40' title="bbox 389 4648 830 4722; baseline -0.007 -17"><span class='ocrx_word' id='word_1_379' title='bbox 389 4651 474 4722; x_wconf 91' lang='lat' dir='ltr'><strong>obiit,</strong></span> <span class='ocrx_word' id='word_1_380' title='bbox 489 4666 566 4706; x_wconf 90' lang='lat' dir='ltr'><strong>anno</strong></span> <span class='ocrx_word' id='word_1_381' title='bbox 579 4648 695 4704; x_wconf 88' lang='lat' dir='ltr'><strong>scilicet</strong></span> <span class='ocrx_word' id='word_1_382' title='bbox 712 4662 789 4719; x_wconf 73' lang='lat'><strong>1554.</strong></span> <span class='ocrx_word' id='word_1_383' title='bbox 825 4658 830 4671; x_wconf 88' lang='lat'>·</span> 
     </span>
    </p>
   </div>
   <div class='ocr_carea' id='block_1_13' title="bbox 0 0 1754 5367">
    <p class='ocr_par' dir='ltr' id='par_1_13' title="bbox 0 0 1754 5367">
     <span class='ocr_line' id='line_1_41' title="bbox 0 0 1754 5367; baseline 0 2"><span class='ocrx_word' id='word_1_384' title='bbox 0 0 1754 5367; x_wconf 95' lang='lat' dir='ltr'><strong> </strong></span> 
     </span>
    </p>
   </div>
  </div>
 </body>
</html>
