<?xml version="1.0" encoding="UTF-8"?>
<!DOCTYPE html PUBLIC "-//W3C//DTD XHTML 1.0 Transitional//EN"
    "http://www.w3.org/TR/xhtml1/DTD/xhtml1-transitional.dtd">
<html xmlns="http://www.w3.org/1999/xhtml" xml:lang="en" lang="en">
 <head>
  <title>
</title>
<meta http-equiv="Content-Type" content="text/html;charset=utf-8" />
  <meta name='ocr-system' content='tesseract 3.04.00' />
  <meta name='ocr-capabilities' content='ocr_page ocr_carea ocr_par ocr_line ocrx_word'/>
</head>
<body>
  <div class='ocr_page' id='page_1' title='image "./monumentaignati00ignagoog_0815.png"; bbox 0 0 3500 5367; ppageno 0'>
   <div class='ocr_carea' id='block_1_1' title="bbox 447 484 1382 552">
    <p class='ocr_par' dir='ltr' id='par_1_1' title="bbox 447 484 1382 552">
     <span class='ocr_line' id='line_1_1' title="bbox 447 484 1382 552; baseline 0.002 -15"><span class='ocrx_word' id='word_1_1' title='bbox 447 484 549 537; x_wconf 81' lang='lat' dir='ltr'>Innsx</span> <span class='ocrx_word' id='word_1_2' title='bbox 567 494 794 552; x_wconf 75' lang='lat' dir='ltr'>nausonrnuu,</span> <span class='ocrx_word' id='word_1_3' title='bbox 814 494 923 537; x_wconf 79' lang='grc'>11611611</span> <span class='ocrx_word' id='word_1_4' title='bbox 943 494 985 537; x_wconf 78' lang='lat' dir='ltr'>rc</span> <span class='ocrx_word' id='word_1_5' title='bbox 1002 494 1154 541; x_wconf 80' lang='lat' dir='ltr'>uoconuu</span> <span class='ocrx_word' id='word_1_6' title='bbox 1329 484 1382 541; x_wconf 86' lang='lat'>803</span> 
     </span>
    </p>
   </div>
   <div class='ocr_carea' id='block_1_2' title="bbox 213 635 779 1599">
    <p class='ocr_par' dir='ltr' id='par_1_2' title="bbox 213 635 773 1064">
     <span class='ocr_line' id='line_1_2' title="bbox 213 635 772 704; baseline -0.007 -13"><span class='ocrx_word' id='word_1_7' title='bbox 213 636 349 692; x_wconf 76' lang='lat' dir='ltr'><strong>ostiatim</strong></span> <span class='ocrx_word' id='word_1_8' title='bbox 384 653 399 690; x_wconf 87' lang='lat' dir='ltr'>a</span> <span class='ocrx_word' id='word_1_9' title='bbox 431 635 540 691; x_wconf 89' lang='lat' dir='ltr'>nostris</span> <span class='ocrx_word' id='word_1_10' title='bbox 570 637 772 704; x_wconf 83' lang='lat' dir='ltr'>eleemosyna,</span> 
     </span>
     <span class='ocr_line' id='line_1_3' title="bbox 219 720 771 797; baseline -0.007 -18"><span class='ocrx_word' id='word_1_11' title='bbox 219 738 282 797; x_wconf 77' lang='lat'>2773</span> <span class='ocrx_word' id='word_1_12' title='bbox 306 727 397 779; x_wconf 89' lang='lat' dir='ltr'>multa</span> <span class='ocrx_word' id='word_1_13' title='bbox 422 742 510 797; x_wconf 88' lang='lat' dir='ltr'>prece</span> <span class='ocrx_word' id='word_1_14' title='bbox 532 733 563 779; x_wconf 89' lang='lat' dir='ltr'>et</span> <span class='ocrx_word' id='word_1_15' title='bbox 585 723 712 779; x_wconf 83' lang='lat' dir='ltr'>lacrimis</span> <span class='ocrx_word' id='word_1_16' title='bbox 734 720 771 775; x_wconf 91' lang='lat' dir='ltr'>de</span> 
     </span>
     <span class='ocr_line' id='line_1_4' title="bbox 218 810 773 887; baseline -0.009 -17"><span class='ocrx_word' id='word_1_17' title='bbox 218 823 393 887; x_wconf 89' lang='lat' dir='ltr'>paupertate</span> <span class='ocrx_word' id='word_1_18' title='bbox 401 814 560 870; x_wconf 85' lang='lat' dir='ltr'>Societatis</span> <span class='ocrx_word' id='word_1_19' title='bbox 573 812 689 885; x_wconf 89' lang='lat' dir='ltr'>propria</span> <span class='ocrx_word' id='word_1_20' title='bbox 700 810 773 866; x_wconf 91' lang='lat' dir='ltr'>deli-</span> 
     </span>
     <span class='ocr_line' id='line_1_5' title="bbox 215 902 770 976; baseline -0.013 -15"><span class='ocrx_word' id='word_1_21' title='bbox 215 908 314 973; x_wconf 80' lang='lat' dir='ltr'>berat,</span> <span class='ocrx_word' id='word_1_22' title='bbox 332 905 378 975; x_wconf 79' lang='lat'>983</span> <span class='ocrx_word' id='word_1_23' title='bbox 397 922 523 976; x_wconf 89' lang='lat' dir='ltr'>eamque</span> <span class='ocrx_word' id='word_1_24' title='bbox 543 902 656 958; x_wconf 88' lang='lat' dir='ltr'>servari</span> <span class='ocrx_word' id='word_1_25' title='bbox 677 910 770 971; x_wconf 85' lang='lat' dir='ltr'>curat,</span> 
     </span>
     <span class='ocr_line' id='line_1_6' title="bbox 219 1006 362 1064; baseline -0.007 -16"><span class='ocrx_word' id='word_1_26' title='bbox 219 1008 284 1064; x_wconf 87' lang='lat'>272,</span> <span class='ocrx_word' id='word_1_27' title='bbox 300 1006 362 1062; x_wconf 87' lang='lat'><strong>5²⁰·</strong></span> 
     </span>
    </p>

    <p class='ocr_par' dir='ltr' id='par_1_3' title="bbox 214 1083 779 1599">
     <span class='ocr_line' id='line_1_7' title="bbox 256 1083 773 1152; baseline -0.006 -15"><span class='ocrx_word' id='word_1_28' title='bbox 256 1084 470 1138; x_wconf 68' lang='lat' dir='ltr'>Pam-Instar</span> <span class='ocrx_word' id='word_1_29' title='bbox 485 1083 656 1152; x_wconf 87' lang='lat' dir='ltr'>angelorum</span> <span class='ocrx_word' id='word_1_30' title='bbox 674 1098 707 1134; x_wconf 90' lang='lat' dir='ltr'>se</span> <span class='ocrx_word' id='word_1_31' title='bbox 723 1097 773 1151; x_wconf 85' lang='lat' dir='ltr'>ge-</span> 
     </span>
     <span class='ocr_line' id='line_1_8' title="bbox 218 1170 774 1241; baseline -0.004 -14"><span class='ocrx_word' id='word_1_32' title='bbox 218 1192 284 1228; x_wconf 85' lang='lat' dir='ltr'>rere</span> <span class='ocrx_word' id='word_1_33' title='bbox 299 1176 371 1239; x_wconf 86' lang='grc'>11611,</span> <span class='ocrx_word' id='word_1_34' title='bbox 388 1172 493 1227; x_wconf 89' lang='grc'>16111111</span> <span class='ocrx_word' id='word_1_35' title='bbox 505 1170 680 1241; x_wconf 83' lang='lat' dir='ltr'>adjuvandis</span> <span class='ocrx_word' id='word_1_36' title='bbox 697 1170 774 1238; x_wconf 87' lang='lat' dir='ltr'>aliis,</span> 
     </span>
     <span class='ocr_line' id='line_1_9' title="bbox 219 1258 773 1332; baseline -0.005 -16"><span class='ocrx_word' id='word_1_37' title='bbox 219 1271 281 1316; x_wconf 91' lang='lat' dir='ltr'>tum</span> <span class='ocrx_word' id='word_1_38' title='bbox 305 1262 335 1315; x_wconf 91' lang='lat' dir='ltr'>in</span> <span class='ocrx_word' id='word_1_39' title='bbox 357 1260 447 1314; x_wconf 88' lang='lat' dir='ltr'>animi</span> <span class='ocrx_word' id='word_1_40' title='bbox 469 1277 541 1332; x_wconf 90' lang='lat' dir='ltr'>pace</span> <span class='ocrx_word' id='word_1_41' title='bbox 561 1258 773 1319; x_wconf 76' lang='lat' dir='ltr'>conservanda.</span> 
     </span>
     <span class='ocr_line' id='line_1_10' title="bbox 220 1347 774 1421; baseline -0.004 -18"><span class='ocrx_word' id='word_1_42' title='bbox 220 1349 289 1419; x_wconf 83' lang='grc'>367,</span> <span class='ocrx_word' id='word_1_43' title='bbox 319 1364 387 1418; x_wconf 92' lang='grc'>476;</span> <span class='ocrx_word' id='word_1_44' title='bbox 415 1348 563 1421; x_wconf 90' lang='lat' dir='ltr'>quomodo</span> <span class='ocrx_word' id='word_1_45' title='bbox 592 1364 660 1403; x_wconf 92' lang='lat' dir='ltr'>cum</span> <span class='ocrx_word' id='word_1_46' title='bbox 692 1347 774 1402; x_wconf 90' lang='lat' dir='ltr'>iratis</span> 
     </span>
     <span class='ocr_line' id='line_1_11' title="bbox 214 1434 779 1507; baseline -0.009 -14"><span class='ocrx_word' id='word_1_47' title='bbox 214 1439 347 1493; x_wconf 47' lang='lat' dir='ltr'>‘subditis</span> <span class='ocrx_word' id='word_1_48' title='bbox 366 1446 445 1507; x_wconf 84' lang='lat' dir='ltr'>agat,</span> <span class='ocrx_word' id='word_1_49' title='bbox 463 1450 529 1505; x_wconf 86' lang='lat'>420,</span> <span class='ocrx_word' id='word_1_50' title='bbox 549 1434 612 1505; x_wconf 75' lang='lat'>5633</span> <span class='ocrx_word' id='word_1_51' title='bbox 627 1454 694 1491; x_wconf 92' lang='lat' dir='ltr'>cum</span> <span class='ocrx_word' id='word_1_52' title='bbox 708 1435 779 1491; x_wconf 82' lang='lat' dir='ltr'>aliis</span> 
     </span>
     <span class='ocr_line' id='line_1_12' title="bbox 218 1524 774 1599; baseline -0.009 -16"><span class='ocrx_word' id='word_1_53' title='bbox 218 1528 367 1599; x_wconf 81' lang='lat' dir='ltr'>religiosis</span> <span class='ocrx_word' id='word_1_54' title='bbox 386 1526 538 1580; x_wconf 87' lang='lat' dir='ltr'>ordinibus</span> <span class='ocrx_word' id='word_1_55' title='bbox 556 1524 774 1597; x_wconf 84' lang='lat' dir='ltr'>disputationes</span> 
     </span>
    </p>
   </div>
   <div class='ocr_carea' id='block_1_3' title="bbox 219 1606 819 1685">
    <p class='ocr_par' dir='ltr' id='par_1_4' title="bbox 219 1606 819 1685">
     <span class='ocr_line' id='line_1_13' title="bbox 219 1606 819 1685; baseline -0.007 -14"><span class='ocrx_word' id='word_1_56' title='bbox 219 1617 306 1685; x_wconf 87' lang='lat' dir='ltr'>vitat,</span> <span class='ocrx_word' id='word_1_57' title='bbox 328 1616 390 1685; x_wconf 87' lang='grc'><strong>434,</strong></span> <span class='ocrx_word' id='word_1_58' title='bbox 415 1615 479 1683; x_wconf 90' lang='grc'>466,</span> <span class='ocrx_word' id='word_1_59' title='bbox 502 1615 565 1685; x_wconf 84' lang='grc'>469;</span> <span class='ocrx_word' id='word_1_60' title='bbox 590 1621 621 1669; x_wconf 89' lang='grc'>61</span> <span class='ocrx_word' id='word_1_61' title='bbox 643 1614 773 1668; x_wconf 89' lang='lat' dir='ltr'>virorum</span> <span class='ocrx_word' id='word_1_62' title='bbox 815 1606 819 1613; x_wconf 75' lang='grc'>’</span> 
     </span>
    </p>
   </div>
   <div class='ocr_carea' id='block_1_4' title="bbox 214 1702 777 4709">
    <p class='ocr_par' dir='ltr' id='par_1_5' title="bbox 218 1702 775 2839">
     <span class='ocr_line' id='line_1_14' title="bbox 218 1702 774 1776; baseline -0.011 -16"><span class='ocrx_word' id='word_1_63' title='bbox 218 1706 385 1776; x_wconf 85' lang='lat' dir='ltr'>principum</span> <span class='ocrx_word' id='word_1_64' title='bbox 403 1703 610 1773; x_wconf 80' lang='lat' dir='ltr'>offensionem,</span> <span class='ocrx_word' id='word_1_65' title='bbox 632 1702 696 1771; x_wconf 88' lang='grc'>467;</span> <span class='ocrx_word' id='word_1_66' title='bbox 717 1717 774 1755; x_wconf 88' lang='lat' dir='ltr'>ma-</span> 
     </span>
     <span class='ocr_line' id='line_1_15' title="bbox 220 1790 774 1863; baseline -0.011 -15"><span class='ocrx_word' id='word_1_67' title='bbox 220 1796 285 1848; x_wconf 88' lang='lat' dir='ltr'>vult</span> <span class='ocrx_word' id='word_1_68' title='bbox 298 1792 484 1847; x_wconf 89' lang='lat' dir='ltr'>incommoda</span> <span class='ocrx_word' id='word_1_69' title='bbox 498 1792 570 1863; x_wconf 87' lang='lat' dir='ltr'>pati,</span> <span class='ocrx_word' id='word_1_70' title='bbox 589 1807 677 1862; x_wconf 90' lang='lat' dir='ltr'>quam</span> <span class='ocrx_word' id='word_1_71' title='bbox 691 1790 774 1844; x_wconf 87' lang='lat' dir='ltr'>litem</span> 
     </span>
     <span class='ocr_line' id='line_1_16' title="bbox 223 1878 773 1952; baseline -0.011 -15"><span class='ocrx_word' id='word_1_72' title='bbox 223 1883 322 1937; x_wconf 87' lang='lat' dir='ltr'>vicino</span> <span class='ocrx_word' id='word_1_73' title='bbox 348 1880 513 1952; x_wconf 80' lang='lat' dir='ltr'>intendere,</span> <span class='ocrx_word' id='word_1_74' title='bbox 537 1893 605 1948; x_wconf 87' lang='lat'>255,</span> <span class='ocrx_word' id='word_1_75' title='bbox 631 1879 695 1947; x_wconf 94' lang='grc'><strong>262,</strong></span> <span class='ocrx_word' id='word_1_76' title='bbox 711 1878 773 1948; x_wconf 89' lang='grc'>263,</span> 
     </span>
     <span class='ocr_line' id='line_1_17' title="bbox 219 1966 775 2044; baseline -0.013 -17"><span class='ocrx_word' id='word_1_77' title='bbox 219 1986 284 2042; x_wconf 84' lang='grc'>414;</span> <span class='ocrx_word' id='word_1_78' title='bbox 294 1989 371 2044; x_wconf 87' lang='lat' dir='ltr'>quae</span> <span class='ocrx_word' id='word_1_79' title='bbox 385 1988 436 2043; x_wconf 92' lang='lat' dir='ltr'>pro</span> <span class='ocrx_word' id='word_1_80' title='bbox 450 1987 522 2042; x_wconf 88' lang='lat' dir='ltr'>pace</span> <span class='ocrx_word' id='word_1_81' title='bbox 535 1967 680 2023; x_wconf 86' lang='lat' dir='ltr'>servanda</span> <span class='ocrx_word' id='word_1_82' title='bbox 692 1966 775 2021; x_wconf 90' lang='lat' dir='ltr'>amit-</span> 
     </span>
     <span class='ocr_line' id='line_1_18' title="bbox 221 2056 774 2130; baseline -0.009 -14"><span class='ocrx_word' id='word_1_83' title='bbox 221 2070 333 2128; x_wconf 90' lang='lat' dir='ltr'>tuntur,</span> <span class='ocrx_word' id='word_1_84' title='bbox 349 2059 555 2130; x_wconf 88' lang='lat' dir='ltr'>locupletiusa</span> <span class='ocrx_word' id='word_1_85' title='bbox 575 2058 640 2111; x_wconf 90' lang='lat' dir='ltr'>Deo</span> <span class='ocrx_word' id='word_1_86' title='bbox 657 2056 774 2125; x_wconf 91' lang='lat' dir='ltr'>dantur,</span> 
     </span>
     <span class='ocr_line' id='line_1_19' title="bbox 221 2144 773 2218; baseline -0.009 -15"><span class='ocrx_word' id='word_1_87' title='bbox 221 2162 290 2218; x_wconf 87' lang='grc'>476;</span> <span class='ocrx_word' id='word_1_88' title='bbox 309 2148 390 2202; x_wconf 85' lang='lat' dir='ltr'>favet</span> <span class='ocrx_word' id='word_1_89' title='bbox 409 2147 544 2201; x_wconf 66' lang='lat' dir='ltr'>Michadli</span> <span class='ocrx_word' id='word_1_90' title='bbox 562 2154 592 2200; x_wconf 85' lang='lat' dir='ltr'>et</span> <span class='ocrx_word' id='word_1_91' title='bbox 610 2144 773 2211; x_wconf 87' lang='lat' dir='ltr'>Mudarrae,</span> 
     </span>
     <span class='ocr_line' id='line_1_20' title="bbox 222 2218 775 2307; baseline -0.014 -13"><span class='ocrx_word' id='word_1_92' title='bbox 222 2238 359 2306; x_wconf 92' lang='lat' dir='ltr'>inimicis,</span> <span class='ocrx_word' id='word_1_93' title='bbox 382 2235 446 2304; x_wconf 82' lang='lat'>3073</span> <span class='ocrx_word' id='word_1_94' title='bbox 466 2218 521 2307; x_wconf 87' lang='lat' dir='ltr'>ipsi</span> <span class='ocrx_word' id='word_1_95' title='bbox 540 2236 656 2289; x_wconf 80' lang='lat' dir='ltr'>litterae</span> <span class='ocrx_word' id='word_1_96' title='bbox 678 2233 775 2303; x_wconf 88' lang='lat' dir='ltr'>objur-</span> 
     </span>
     <span class='ocr_line' id='line_1_21' title="bbox 221 2323 775 2398; baseline -0.013 -16"><span class='ocrx_word' id='word_1_97' title='bbox 221 2328 355 2398; x_wconf 89' lang='lat' dir='ltr'>gatoriae</span> <span class='ocrx_word' id='word_1_98' title='bbox 371 2334 422 2379; x_wconf 92' lang='lat' dir='ltr'>aut</span> <span class='ocrx_word' id='word_1_99' title='bbox 440 2324 592 2378; x_wconf 88' lang='lat' dir='ltr'>mordaces</span> <span class='ocrx_word' id='word_1_100' title='bbox 605 2323 775 2394; x_wconf 86' lang='lat' dir='ltr'>displicent,</span> 
     </span>
     <span class='ocr_line' id='line_1_22' title="bbox 220 2412 775 2488; baseline -0.011 -17"><span class='ocrx_word' id='word_1_101' title='bbox 220 2416 283 2483; x_wconf 80' lang='lat'>2623</span> <span class='ocrx_word' id='word_1_102' title='bbox 297 2414 368 2488; x_wconf 91' lang='lat' dir='ltr'>quid</span> <span class='ocrx_word' id='word_1_103' title='bbox 381 2414 456 2468; x_wconf 85' lang='lat' dir='ltr'>dixit</span> <span class='ocrx_word' id='word_1_104' title='bbox 471 2412 600 2484; x_wconf 85' lang='lat' dir='ltr'>fecitque</span> <span class='ocrx_word' id='word_1_105' title='bbox 620 2412 775 2467; x_wconf 86' lang='lat' dir='ltr'>occasione</span> 
     </span>
     <span class='ocr_line' id='line_1_23' title="bbox 219 2498 775 2574; baseline -0.011 -15"><span class='ocrx_word' id='word_1_106' title='bbox 219 2503 333 2559; x_wconf 90' lang='lat' dir='ltr'>decreti</span> <span class='ocrx_word' id='word_1_107' title='bbox 359 2500 529 2574; x_wconf 88' lang='lat' dir='ltr'>parisiensis</span> <span class='ocrx_word' id='word_1_108' title='bbox 551 2509 654 2555; x_wconf 92' lang='lat' dir='ltr'>contra</span> <span class='ocrx_word' id='word_1_109' title='bbox 676 2498 775 2553; x_wconf 87' lang='lat' dir='ltr'>Socie-</span> 
     </span>
     <span class='ocr_line' id='line_1_24' title="bbox 221 2588 775 2661; baseline -0.011 -13"><span class='ocrx_word' id='word_1_110' title='bbox 221 2602 323 2661; x_wconf 87' lang='lat' dir='ltr'>tatem,</span> <span class='ocrx_word' id='word_1_111' title='bbox 338 2592 401 2659; x_wconf 85' lang='grc'>216,</span> <span class='ocrx_word' id='word_1_112' title='bbox 416 2604 477 2661; x_wconf 91' lang='grc'><strong>217,</strong></span> <span class='ocrx_word' id='word_1_113' title='bbox 493 2589 556 2660; x_wconf 81' lang='grc'><strong>375,</strong></span> <span class='ocrx_word' id='word_1_114' title='bbox 577 2588 640 2658; x_wconf 84' lang='grc'>376;</span> <span class='ocrx_word' id='word_1_115' title='bbox 661 2588 775 2644; x_wconf 89' lang='lat' dir='ltr'>litteras</span> 
     </span>
     <span class='ocr_line' id='line_1_25' title="bbox 220 2676 773 2747; baseline -0.013 -10"><span class='ocrx_word' id='word_1_116' title='bbox 220 2680 358 2737; x_wconf 88' lang='lat' dir='ltr'>emendat</span> <span class='ocrx_word' id='word_1_117' title='bbox 368 2688 470 2734; x_wconf 91' lang='lat' dir='ltr'>contra</span> <span class='ocrx_word' id='word_1_118' title='bbox 478 2678 630 2733; x_wconf 87' lang='lat' dir='ltr'>decretum</span> <span class='ocrx_word' id='word_1_119' title='bbox 638 2676 773 2747; x_wconf 84' lang='lat' dir='ltr'>scriptas,</span> 
     </span>
     <span class='ocr_line' id='line_1_26' title="bbox 220 2786 283 2839; baseline 0.032 -14"><span class='ocrx_word' id='word_1_120' title='bbox 220 2786 283 2839; x_wconf 88' lang='grc'><strong>224.</strong></span> 
     </span>
    </p>

    <p class='ocr_par' dir='ltr' id='par_1_6' title="bbox 218 2853 775 3457">
     <span class='ocr_line' id='line_1_27' title="bbox 256 2853 775 2928; baseline -0.013 -15"><span class='ocrx_word' id='word_1_121' title='bbox 256 2858 439 2928; x_wconf 87' lang='lat' dir='ltr'>Diligentem</span> <span class='ocrx_word' id='word_1_122' title='bbox 452 2872 570 2926; x_wconf 88' lang='lat' dir='ltr'>operam</span> <span class='ocrx_word' id='word_1_123' title='bbox 583 2854 633 2907; x_wconf 89' lang='lat' dir='ltr'>dat</span> <span class='ocrx_word' id='word_1_124' title='bbox 647 2863 679 2907; x_wconf 88' lang='lat' dir='ltr'>ut</span> <span class='ocrx_word' id='word_1_125' title='bbox 688 2853 775 2907; x_wconf 92' lang='lat' dir='ltr'>disci·</span> 
     </span>
     <span class='ocr_line' id='line_1_28' title="bbox 218 2943 774 3015; baseline -0.009 -13"><span class='ocrx_word' id='word_1_126' title='bbox 218 2947 301 3002; x_wconf 90' lang='lat' dir='ltr'>dium</span> <span class='ocrx_word' id='word_1_127' title='bbox 322 2947 398 3000; x_wconf 90' lang='lat' dir='ltr'>inter</span> <span class='ocrx_word' id='word_1_128' title='bbox 422 2946 566 3015; x_wconf 89' lang='lat' dir='ltr'>Joannem</span> <span class='ocrx_word' id='word_1_129' title='bbox 590 2944 632 2996; x_wconf 93' lang='grc'>111</span> <span class='ocrx_word' id='word_1_130' title='bbox 653 2952 683 2998; x_wconf 89' lang='grc'>61</span> <span class='ocrx_word' id='word_1_131' title='bbox 701 2943 774 2997; x_wconf 86' lang='grc' dir='ltr'>Ρ66·</span> 
     </span>
     <span class='ocr_line' id='line_1_29' title="bbox 219 3033 775 3103; baseline -0.011 -11"><span class='ocrx_word' id='word_1_132' title='bbox 219 3039 280 3092; x_wconf 89' lang='lat' dir='ltr'>lum</span> <span class='ocrx_word' id='word_1_133' title='bbox 293 3036 337 3089; x_wconf 88' lang='lat'>111</span> <span class='ocrx_word' id='word_1_134' title='bbox 351 3036 479 3103; x_wconf 89' lang='lat' dir='ltr'>tollatur,</span> <span class='ocrx_word' id='word_1_135' title='bbox 496 3047 557 3102; x_wconf 71' lang='lat'>225³</span> <span class='ocrx_word' id='word_1_136' title='bbox 579 3040 610 3085; x_wconf 92' lang='lat' dir='ltr'>et</span> <span class='ocrx_word' id='word_1_137' title='bbox 627 3033 704 3086; x_wconf 89' lang='lat' dir='ltr'>inter</span> <span class='ocrx_word' id='word_1_138' title='bbox 724 3033 775 3087; x_wconf 89' lang='grc' dir='ltr'>Α1-</span> 
     </span>
     <span class='ocr_line' id='line_1_30' title="bbox 220 3120 772 3194; baseline -0.011 -15"><span class='ocrx_word' id='word_1_139' title='bbox 220 3125 290 3181; x_wconf 87' lang='grc'>11611</span> <span class='ocrx_word' id='word_1_140' title='bbox 311 3132 342 3179; x_wconf 88' lang='grc'>61</span> <span class='ocrx_word' id='word_1_141' title='bbox 364 3122 526 3194; x_wconf 88' lang='lat' dir='ltr'>Caposachi</span> <span class='ocrx_word' id='word_1_142' title='bbox 550 3120 686 3187; x_wconf 82' lang='lat' dir='ltr'>familias,</span> <span class='ocrx_word' id='word_1_143' title='bbox 710 3121 772 3190; x_wconf 77' lang='lat'><strong>5655</strong></span> 
     </span>
     <span class='ocr_line' id='line_1_31' title="bbox 221 3208 774 3268; baseline -0.009 0"><span class='ocrx_word' id='word_1_144' title='bbox 221 3213 257 3268; x_wconf 92' lang='lat' dir='ltr'>ad</span> <span class='ocrx_word' id='word_1_145' title='bbox 266 3209 654 3268; x_wconf 86' lang='lat' dir='ltr'>conciliandosdissidentes</span> <span class='ocrx_word' id='word_1_146' title='bbox 664 3208 774 3263; x_wconf 81' lang='lat' dir='ltr'>referre</span> 
     </span>
     <span class='ocr_line' id='line_1_32' title="bbox 221 3299 774 3374; baseline -0.013 -16"><span class='ocrx_word' id='word_1_147' title='bbox 221 3306 297 3358; x_wconf 91' lang='lat' dir='ltr'>solet</span> <span class='ocrx_word' id='word_1_148' title='bbox 309 3319 385 3374; x_wconf 88' lang='lat' dir='ltr'>quae</span> <span class='ocrx_word' id='word_1_149' title='bbox 403 3302 519 3371; x_wconf 89' lang='lat' dir='ltr'>placare</span> <span class='ocrx_word' id='word_1_150' title='bbox 534 3316 585 3353; x_wconf 91' lang='lat' dir='ltr'>eos</span> <span class='ocrx_word' id='word_1_151' title='bbox 602 3299 725 3370; x_wconf 89' lang='lat' dir='ltr'>possint,</span> <span class='ocrx_word' id='word_1_152' title='bbox 740 3314 774 3352; x_wconf 88' lang='lat' dir='ltr'>ac</span> 
     </span>
     <span class='ocr_line' id='line_1_33' title="bbox 218 3388 718 3457; baseline -0.012 -7"><span class='ocrx_word' id='word_1_153' title='bbox 218 3408 317 3450; x_wconf 84' lang='lat' dir='ltr'>tacere</span> <span class='ocrx_word' id='word_1_154' title='bbox 330 3392 485 3457; x_wconf 88' lang='lat' dir='ltr'>contraria,</span> <span class='ocrx_word' id='word_1_155' title='bbox 503 3390 566 3456; x_wconf 90' lang='lat'>281,</span> <span class='ocrx_word' id='word_1_156' title='bbox 577 3388 641 3457; x_wconf 82' lang='lat'>432,</span> <span class='ocrx_word' id='word_1_157' title='bbox 655 3388 718 3456; x_wconf 92' lang='grc'>466.</span> 
     </span>
    </p>

    <p class='ocr_par' dir='ltr' id='par_1_7' title="bbox 214 3478 777 4709">
     <span class='ocr_line' id='line_1_34' title="bbox 254 3478 772 3549; baseline -0.017 -12"><span class='ocrx_word' id='word_1_158' title='bbox 254 3480 512 3537; x_wconf 77' lang='lat' dir='ltr'>Pietas—Pietas</span> <span class='ocrx_word' id='word_1_159' title='bbox 530 3478 638 3549; x_wconf 89' lang='lat' dir='ltr'>Ignatii</span> <span class='ocrx_word' id='word_1_160' title='bbox 657 3492 772 3546; x_wconf 87' lang='lat' dir='ltr'>magna,</span> 
     </span>
     <span class='ocr_line' id='line_1_35' title="bbox 218 3553 774 3642; baseline -0.018 -14"><span class='ocrx_word' id='word_1_161' title='bbox 218 3572 282 3642; x_wconf 80' lang='lat'>3953</span> <span class='ocrx_word' id='word_1_162' title='bbox 294 3571 378 3637; x_wconf 88' lang='lat' dir='ltr'>nulli,</span> <span class='ocrx_word' id='word_1_163' title='bbox 389 3569 440 3633; x_wconf 86' lang='lat' dir='ltr'>ait,</span> <span class='ocrx_word' id='word_1_164' title='bbox 453 3576 621 3622; x_wconf 91' lang='lat' dir='ltr'>sanctorum</span> <span class='ocrx_word' id='word_1_165' title='bbox 632 3582 664 3619; x_wconf 91' lang='lat' dir='ltr'>se</span> <span class='ocrx_word' id='word_1_166' title='bbox 674 3553 774 3619; x_wconf 59' lang='lat' dir='ltr'>cessuss</span> 
     </span>
     <span class='ocr_line' id='line_1_36' title="bbox 219 3654 773 3727; baseline -0.018 -11"><span class='ocrx_word' id='word_1_167' title='bbox 219 3680 293 3727; x_wconf 89' lang='lat' dir='ltr'>rum,</span> <span class='ocrx_word' id='word_1_168' title='bbox 305 3662 330 3716; x_wconf 94' lang='lat' dir='ltr'>si</span> <span class='ocrx_word' id='word_1_169' title='bbox 344 3658 484 3713; x_wconf 86' lang='lat' dir='ltr'>sanctitas</span> <span class='ocrx_word' id='word_1_170' title='bbox 500 3658 529 3711; x_wconf 91' lang='lat' dir='ltr'>in</span> <span class='ocrx_word' id='word_1_171' title='bbox 542 3654 698 3709; x_wconf 88' lang='lat' dir='ltr'>desideriis</span> <span class='ocrx_word' id='word_1_172' title='bbox 712 3661 773 3707; x_wconf 83' lang='lat' dir='ltr'>tan·</span> 
     </span>
     <span class='ocr_line' id='line_1_37' title="bbox 219 3742 774 3815; baseline -0.018 -10"><span class='ocrx_word' id='word_1_173' title='bbox 219 3760 280 3805; x_wconf 92' lang='lat' dir='ltr'>tum</span> <span class='ocrx_word' id='word_1_174' title='bbox 295 3750 352 3803; x_wconf 89' lang='lat' dir='ltr'>sita</span> <span class='ocrx_word' id='word_1_175' title='bbox 365 3756 457 3813; x_wconf 89' lang='lat' dir='ltr'>esset,</span> <span class='ocrx_word' id='word_1_176' title='bbox 471 3744 535 3815; x_wconf 83' lang='lat'>385,</span> <span class='ocrx_word' id='word_1_177' title='bbox 554 3744 617 3815; x_wconf 74' lang='lat'>3993</span> <span class='ocrx_word' id='word_1_178' title='bbox 633 3744 728 3815; x_wconf 87' lang='lat' dir='ltr'>pietas</span> <span class='ocrx_word' id='word_1_179' title='bbox 743 3742 774 3795; x_wconf 91' lang='lat' dir='ltr'>in</span> 
     </span>
     <span class='ocr_line' id='line_1_38' title="bbox 219 3831 775 3902; baseline -0.022 -7"><span class='ocrx_word' id='word_1_180' title='bbox 219 3839 385 3894; x_wconf 86' lang='lat' dir='ltr'>Palaestina</span> <span class='ocrx_word' id='word_1_181' title='bbox 398 3835 559 3902; x_wconf 82' lang='lat' dir='ltr'>lustranda,</span> <span class='ocrx_word' id='word_1_182' title='bbox 571 3846 634 3901; x_wconf 79' lang='lat'>7143</span> <span class='ocrx_word' id='word_1_183' title='bbox 647 3833 676 3885; x_wconf 91' lang='lat' dir='ltr'>vi</span> <span class='ocrx_word' id='word_1_184' title='bbox 690 3831 775 3886; x_wconf 87' lang='lat' dir='ltr'>lacri-</span> 
     </span>
     <span class='ocr_line' id='line_1_39' title="bbox 219 3919 773 3993; baseline -0.018 -10"><span class='ocrx_word' id='word_1_185' title='bbox 219 3945 330 3983; x_wconf 85' lang='lat' dir='ltr'>marum</span> <span class='ocrx_word' id='word_1_186' title='bbox 338 3925 479 3993; x_wconf 85' lang='lat' dir='ltr'>abundat,</span> <span class='ocrx_word' id='word_1_187' title='bbox 491 3921 624 3991; x_wconf 85' lang='grc'><strong>244,355;</strong></span> <span class='ocrx_word' id='word_1_188' title='bbox 635 3919 773 3975; x_wconf 78' lang='lat' dir='ltr'>facillime</span> 
     </span>
     <span class='ocr_line' id='line_1_40' title="bbox 218 4011 775 4083; baseline -0.016 -11"><span class='ocrx_word' id='word_1_189' title='bbox 218 4019 249 4072; x_wconf 92' lang='lat' dir='ltr'>in</span> <span class='ocrx_word' id='word_1_190' title='bbox 262 4017 368 4071; x_wconf 88' lang='lat' dir='ltr'>mediis</span> <span class='ocrx_word' id='word_1_191' title='bbox 381 4015 566 4083; x_wconf 86' lang='lat' dir='ltr'>negotiorum</span> <span class='ocrx_word' id='word_1_192' title='bbox 585 4011 723 4065; x_wconf 83' lang='lat' dir='ltr'>fluctibus</span> <span class='ocrx_word' id='word_1_193' title='bbox 742 4026 775 4064; x_wconf 90' lang='lat' dir='ltr'>se</span> 
     </span>
     <span class='ocr_line' id='line_1_41' title="bbox 214 4097 774 4176; baseline -0.016 -16"><span class='ocrx_word' id='word_1_194' title='bbox 214 4106 343 4175; x_wconf 82' lang='lat' dir='ltr'>colligit,</span> <span class='ocrx_word' id='word_1_195' title='bbox 357 4110 497 4176; x_wconf 84' lang='lat' dir='ltr'>optatque</span> <span class='ocrx_word' id='word_1_196' title='bbox 512 4109 544 4155; x_wconf 93' lang='lat' dir='ltr'>ut</span> <span class='ocrx_word' id='word_1_197' title='bbox 562 4100 734 4171; x_wconf 80' lang='lat' dir='ltr'>frequenter</span> <span class='ocrx_word' id='word_1_198' title='bbox 746 4097 774 4151; x_wconf 94' lang='lat' dir='ltr'>id</span> 
     </span>
     <span class='ocr_line' id='line_1_42' title="bbox 218 4186 774 4263; baseline -0.02 -13"><span class='ocrx_word' id='word_1_199' title='bbox 218 4211 235 4248; x_wconf 89' lang='lat' dir='ltr'>a</span> <span class='ocrx_word' id='word_1_200' title='bbox 248 4194 357 4249; x_wconf 88' lang='lat' dir='ltr'>nostris</span> <span class='ocrx_word' id='word_1_201' title='bbox 371 4199 548 4263; x_wconf 86' lang='lat' dir='ltr'>praestetur,</span> <span class='ocrx_word' id='word_1_202' title='bbox 560 4203 623 4258; x_wconf 91' lang='grc'><strong>241,</strong></span> <span class='ocrx_word' id='word_1_203' title='bbox 635 4202 698 4256; x_wconf 87' lang='grc'><strong>242,</strong></span> <span class='ocrx_word' id='word_1_204' title='bbox 711 4186 774 4254; x_wconf 74' lang='grc'>367,</span> 
     </span>
     <span class='ocr_line' id='line_1_43' title="bbox 218 4277 775 4351; baseline -0.014 -14"><span class='ocrx_word' id='word_1_205' title='bbox 218 4292 239 4337; x_wconf 68' lang='grc' dir='ltr'>α’</span> <span class='ocrx_word' id='word_1_206' title='bbox 248 4283 304 4337; x_wconf 89' lang='lat' dir='ltr'>Dei</span> <span class='ocrx_word' id='word_1_207' title='bbox 319 4289 391 4336; x_wconf 91' lang='lat' dir='ltr'>nutu</span> <span class='ocrx_word' id='word_1_208' title='bbox 406 4279 525 4351; x_wconf 89' lang='lat' dir='ltr'>pendet,</span> <span class='ocrx_word' id='word_1_209' title='bbox 541 4278 605 4347; x_wconf 78' lang='lat'>3493</span> <span class='ocrx_word' id='word_1_210' title='bbox 623 4277 775 4331; x_wconf 79' lang='grc'>161666111-</span> 
     </span>
     <span class='ocr_line' id='line_1_44' title="bbox 218 4364 774 4445; baseline -0.018 -17"><span class='ocrx_word' id='word_1_211' title='bbox 218 4390 270 4445; x_wconf 88' lang='lat' dir='ltr'>per</span> <span class='ocrx_word' id='word_1_212' title='bbox 292 4364 391 4426; x_wconf 90' lang='lat' dir='ltr'>estin</span> <span class='ocrx_word' id='word_1_213' title='bbox 414 4371 511 4424; x_wconf 90' lang='lat' dir='ltr'>Deum</span> <span class='ocrx_word' id='word_1_214' title='bbox 539 4368 687 4435; x_wconf 90' lang='lat' dir='ltr'>intentus,</span> <span class='ocrx_word' id='word_1_215' title='bbox 711 4364 774 4435; x_wconf 82' lang='lat'><strong>5233</strong></span> 
     </span>
     <span class='ocr_line' id='line_1_45' title="bbox 214 4455 777 4524; baseline -0.014 -8"><span class='ocrx_word' id='word_1_216' title='bbox 214 4463 308 4517; x_wconf 87' lang='lat' dir='ltr'>etiam</span> <span class='ocrx_word' id='word_1_217' title='bbox 327 4460 357 4514; x_wconf 91' lang='lat' dir='ltr'>in</span> <span class='ocrx_word' id='word_1_218' title='bbox 376 4478 408 4513; x_wconf 97' lang='grc'>16</span> <span class='ocrx_word' id='word_1_219' title='bbox 429 4458 561 4524; x_wconf 81' lang='lat' dir='ltr'>minima,</span> <span class='ocrx_word' id='word_1_220' title='bbox 582 4466 614 4510; x_wconf 90' lang='lat' dir='ltr'>ut</span> <span class='ocrx_word' id='word_1_221' title='bbox 637 4455 667 4509; x_wconf 94' lang='lat' dir='ltr'>in</span> <span class='ocrx_word' id='word_1_222' title='bbox 685 4456 777 4509; x_wconf 86' lang='lat' dir='ltr'>bene-</span> 
     </span>
     <span class='ocr_line' id='line_1_46' title="bbox 218 4545 775 4616; baseline -0.013 -11"><span class='ocrx_word' id='word_1_223' title='bbox 218 4550 348 4605; x_wconf 89' lang='lat' dir='ltr'>dictione</span> <span class='ocrx_word' id='word_1_224' title='bbox 363 4565 493 4616; x_wconf 89' lang='lat' dir='ltr'>mensae,</span> <span class='ocrx_word' id='word_1_225' title='bbox 510 4561 573 4615; x_wconf 82' lang='lat'><strong>2443</strong></span> <span class='ocrx_word' id='word_1_226' title='bbox 588 4546 618 4598; x_wconf 93' lang='lat' dir='ltr'>in</span> <span class='ocrx_word' id='word_1_227' title='bbox 637 4545 775 4599; x_wconf 91' lang='lat' dir='ltr'>omnibus</span> 
     </span>
     <span class='ocr_line' id='line_1_47' title="bbox 221 4637 775 4709; baseline -0.014 -15"><span class='ocrx_word' id='word_1_228' title='bbox 221 4642 317 4694; x_wconf 88' lang='lat' dir='ltr'>Deum</span> <span class='ocrx_word' id='word_1_229' title='bbox 340 4645 527 4709; x_wconf 88' lang='lat' dir='ltr'>praesentem</span> <span class='ocrx_word' id='word_1_230' title='bbox 548 4637 689 4703; x_wconf 89' lang='lat' dir='ltr'>intuetur,</span> <span class='ocrx_word' id='word_1_231' title='bbox 712 4647 775 4702; x_wconf 89' lang='grc'><strong>472;</strong></span> 
     </span>
    </p>
   </div>
   <div class='ocr_carea' id='block_1_5' title="bbox 862 617 1460 3815">
    <p class='ocr_par' dir='ltr' id='par_1_8' title="bbox 863 617 1460 1592">
     <span class='ocr_line' id='line_1_48' title="bbox 864 617 1460 709; baseline 0.012 -22"><span class='ocrx_word' id='word_1_232' title='bbox 864 632 937 688; x_wconf 88' lang='grc'>611111</span> <span class='ocrx_word' id='word_1_233' title='bbox 962 634 1087 706; x_wconf 88' lang='lat' dir='ltr'>alicujus</span> <span class='ocrx_word' id='word_1_234' title='bbox 1114 639 1256 693; x_wconf 89' lang='lat' dir='ltr'>momenti</span> <span class='ocrx_word' id='word_1_235' title='bbox 1282 639 1345 709; x_wconf 85' lang='lat' dir='ltr'>agit</span> <span class='ocrx_word' id='word_1_236' title='bbox 1368 646 1419 693; x_wconf 88' lang='grc'>661</span> <span class='ocrx_word' id='word_1_237' title='bbox 1455 617 1460 629; x_wconf 41' lang='lat'><strong>¹</strong></span> 
     </span>
     <span class='ocr_line' id='line_1_49' title="bbox 865 723 1418 798; baseline 0.013 -22"><span class='ocrx_word' id='word_1_238' title='bbox 865 723 1008 795; x_wconf 84' lang='lat' dir='ltr'>decernit,</span> <span class='ocrx_word' id='word_1_239' title='bbox 1023 725 1094 797; x_wconf 90' lang='lat' dir='ltr'>quin</span> <span class='ocrx_word' id='word_1_240' title='bbox 1107 726 1188 798; x_wconf 89' lang='lat' dir='ltr'>prius</span> <span class='ocrx_word' id='word_1_241' title='bbox 1206 728 1242 782; x_wconf 92' lang='lat' dir='ltr'>ad</span> <span class='ocrx_word' id='word_1_242' title='bbox 1260 729 1356 783; x_wconf 89' lang='lat' dir='ltr'>Deum</span> <span class='ocrx_word' id='word_1_243' title='bbox 1374 744 1418 783; x_wconf 90' lang='lat' dir='ltr'>re·</span> 
     </span>
     <span class='ocr_line' id='line_1_50' title="bbox 864 812 1418 886; baseline 0.011 -19"><span class='ocrx_word' id='word_1_244' title='bbox 864 822 972 882; x_wconf 90' lang='lat' dir='ltr'>currat,</span> <span class='ocrx_word' id='word_1_245' title='bbox 987 812 1050 883; x_wconf 88' lang='grc'><strong>234,</strong></span> <span class='ocrx_word' id='word_1_246' title='bbox 1064 814 1129 886; x_wconf 87' lang='grc'>367,</span> <span class='ocrx_word' id='word_1_247' title='bbox 1142 814 1205 885; x_wconf 84' lang='grc'><strong>397;</strong></span> <span class='ocrx_word' id='word_1_248' title='bbox 1221 816 1250 871; x_wconf 91' lang='lat' dir='ltr'>in</span> <span class='ocrx_word' id='word_1_249' title='bbox 1266 834 1319 872; x_wconf 87' lang='lat' dir='ltr'>suo</span> <span class='ocrx_word' id='word_1_250' title='bbox 1332 817 1418 873; x_wconf 88' lang='lat' dir='ltr'>casti-</span> 
     </span>
     <span class='ocr_line' id='line_1_51' title="bbox 863 901 1419 977; baseline 0.011 -21"><span class='ocrx_word' id='word_1_251' title='bbox 863 901 961 972; x_wconf 84' lang='lat' dir='ltr'>gando</span> <span class='ocrx_word' id='word_1_252' title='bbox 982 920 1104 976; x_wconf 87' lang='lat' dir='ltr'>corpore</span> <span class='ocrx_word' id='word_1_253' title='bbox 1127 905 1255 960; x_wconf 90' lang='lat' dir='ltr'>animum</span> <span class='ocrx_word' id='word_1_254' title='bbox 1279 906 1419 977; x_wconf 90' lang='lat' dir='ltr'>intendit,</span> 
     </span>
     <span class='ocr_line' id='line_1_52' title="bbox 864 993 1416 1065; baseline 0.009 -20"><span class='ocrx_word' id='word_1_255' title='bbox 864 1000 993 1046; x_wconf 88' lang='lat' dir='ltr'>nontam</span> <span class='ocrx_word' id='word_1_256' title='bbox 1004 999 1037 1046; x_wconf 91' lang='lat' dir='ltr'>ut</span> <span class='ocrx_word' id='word_1_257' title='bbox 1047 1009 1098 1063; x_wconf 91' lang='lat' dir='ltr'>pro</span> <span class='ocrx_word' id='word_1_258' title='bbox 1108 994 1238 1065; x_wconf 86' lang='lat' dir='ltr'>peccatis</span> <span class='ocrx_word' id='word_1_259' title='bbox 1246 993 1416 1065; x_wconf 78' lang='lat' dir='ltr'>satisfaciat,</span> 
     </span>
     <span class='ocr_line' id='line_1_53' title="bbox 865 1080 1419 1152; baseline 0.009 -20"><span class='ocrx_word' id='word_1_260' title='bbox 865 1096 953 1151; x_wconf 88' lang='lat' dir='ltr'>quarn</span> <span class='ocrx_word' id='word_1_261' title='bbox 968 1088 1000 1134; x_wconf 94' lang='lat' dir='ltr'>ut</span> <span class='ocrx_word' id='word_1_262' title='bbox 1019 1080 1082 1134; x_wconf 90' lang='lat' dir='ltr'>Deo</span> <span class='ocrx_word' id='word_1_263' title='bbox 1098 1081 1222 1151; x_wconf 86' lang='lat' dir='ltr'>gloriam</span> <span class='ocrx_word' id='word_1_264' title='bbox 1240 1082 1302 1149; x_wconf 90' lang='lat' dir='ltr'>det,</span> <span class='ocrx_word' id='word_1_265' title='bbox 1316 1096 1362 1152; x_wconf 78' lang='lat'>453</span> <span class='ocrx_word' id='word_1_266' title='bbox 1377 1084 1419 1139; x_wconf 91' lang='lat' dir='ltr'>ni-</span> 
     </span>
     <span class='ocr_line' id='line_1_54' title="bbox 866 1168 1418 1227; baseline 0.011 -6"><span class='ocrx_word' id='word_1_267' title='bbox 866 1168 1418 1227; x_wconf 88' lang='lat' dir='ltr'>miamconsolationeminmortiscon-</span> 
     </span>
     <span class='ocr_line' id='line_1_55' title="bbox 865 1256 1417 1332; baseline 0.011 -22"><span class='ocrx_word' id='word_1_268' title='bbox 865 1256 1042 1312; x_wconf 88' lang='lat' dir='ltr'>sideratione</span> <span class='ocrx_word' id='word_1_269' title='bbox 1054 1266 1084 1313; x_wconf 88' lang='lat' dir='ltr'>et</span> <span class='ocrx_word' id='word_1_270' title='bbox 1097 1256 1246 1314; x_wconf 87' lang='lat' dir='ltr'>desiderio</span> <span class='ocrx_word' id='word_1_271' title='bbox 1259 1261 1361 1329; x_wconf 91' lang='lat' dir='ltr'>sentit,</span> <span class='ocrx_word' id='word_1_272' title='bbox 1373 1263 1417 1332; x_wconf 75' lang='lat'>563</span> 
     </span>
     <span class='ocr_line' id='line_1_56' title="bbox 866 1344 1421 1404; baseline 0.009 -5"><span class='ocrx_word' id='word_1_273' title='bbox 866 1344 939 1399; x_wconf 87' lang='lat' dir='ltr'>mira</span> <span class='ocrx_word' id='word_1_274' title='bbox 952 1344 1023 1401; x_wconf 81' lang='lat' dir='ltr'>facit</span> <span class='ocrx_word' id='word_1_275' title='bbox 1036 1345 1072 1400; x_wconf 85' lang='lat' dir='ltr'>ad</span> <span class='ocrx_word' id='word_1_276' title='bbox 1085 1346 1208 1401; x_wconf 86' lang='lat' dir='ltr'>aliorum</span> <span class='ocrx_word' id='word_1_277' title='bbox 1224 1346 1255 1401; x_wconf 92' lang='lat' dir='ltr'>in</span> <span class='ocrx_word' id='word_1_278' title='bbox 1268 1348 1364 1403; x_wconf 90' lang='lat' dir='ltr'>Deum</span> <span class='ocrx_word' id='word_1_279' title='bbox 1378 1351 1421 1404; x_wconf 89' lang='lat' dir='ltr'>vi-</span> 
     </span>
     <span class='ocr_line' id='line_1_57' title="bbox 865 1433 1419 1507; baseline 0.009 -19"><span class='ocrx_word' id='word_1_280' title='bbox 865 1434 970 1489; x_wconf 88' lang='lat' dir='ltr'>tandas</span> <span class='ocrx_word' id='word_1_281' title='bbox 982 1433 1126 1507; x_wconf 83' lang='lat' dir='ltr'>offensas,</span> <span class='ocrx_word' id='word_1_282' title='bbox 1157 1435 1286 1506; x_wconf 83' lang='grc'><strong>355-357.</strong></span> <span class='ocrx_word' id='word_1_283' title='bbox 1298 1467 1333 1479; x_wconf 90' lang='grc'>-</span> <span class='ocrx_word' id='word_1_284' title='bbox 1343 1438 1419 1493; x_wconf 89' lang='lat' dir='ltr'>Vide</span> 
     </span>
     <span class='ocr_line' id='line_1_58' title="bbox 866 1521 1064 1592; baseline 0.02 -15"><span class='ocrx_word' id='word_1_285' title='bbox 866 1521 950 1592; x_wconf 82' lang='lat' dir='ltr'>inira,</span> <span class='ocrx_word' id='word_1_286' title='bbox 966 1524 1064 1582; x_wconf 78' lang='lat' dir='ltr'>Zetus.</span> 
     </span>
    </p>

    <p class='ocr_par' dir='ltr' id='par_1_9' title="bbox 866 1613 1420 1949">
     <span class='ocr_line' id='line_1_59' title="bbox 901 1613 1419 1685; baseline 0.008 -19"><span class='ocrx_word' id='word_1_287' title='bbox 901 1613 1008 1682; x_wconf 86' lang='lat' dir='ltr'>Magna</span> <span class='ocrx_word' id='word_1_288' title='bbox 1033 1613 1143 1685; x_wconf 88' lang='lat' dir='ltr'>pietate</span> <span class='ocrx_word' id='word_1_289' title='bbox 1165 1614 1219 1671; x_wconf 90' lang='lat' dir='ltr'>SS.</span> <span class='ocrx_word' id='word_1_290' title='bbox 1243 1615 1419 1670; x_wconf 88' lang='lat' dir='ltr'>Trinitatem</span> 
     </span>
     <span class='ocr_line' id='line_1_60' title="bbox 866 1703 1420 1775; baseline 0.005 -19"><span class='ocrx_word' id='word_1_291' title='bbox 866 1712 1038 1775; x_wconf 87' lang='lat' dir='ltr'>veneratur,</span> <span class='ocrx_word' id='word_1_292' title='bbox 1054 1703 1098 1773; x_wconf 80' lang='lat'>533</span> <span class='ocrx_word' id='word_1_293' title='bbox 1119 1704 1156 1759; x_wconf 92' lang='lat' dir='ltr'>de</span> <span class='ocrx_word' id='word_1_294' title='bbox 1177 1706 1326 1775; x_wconf 87' lang='lat' dir='ltr'>mysteriis</span> <span class='ocrx_word' id='word_1_295' title='bbox 1349 1705 1420 1761; x_wconf 89' lang='lat' dir='ltr'>fidei</span> 
     </span>
     <span class='ocr_line' id='line_1_61' title="bbox 866 1788 1417 1867; baseline 0.011 -23"><span class='ocrx_word' id='word_1_296' title='bbox 866 1793 957 1845; x_wconf 90' lang='lat' dir='ltr'>multa</span> <span class='ocrx_word' id='word_1_297' title='bbox 987 1791 1129 1846; x_wconf 85' lang='lat' dir='ltr'>divinitus</span> <span class='ocrx_word' id='word_1_298' title='bbox 1159 1788 1329 1866; x_wconf 89' lang='lat' dir='ltr'>cognoscit,</span> <span class='ocrx_word' id='word_1_299' title='bbox 1357 1794 1417 1867; x_wconf 88' lang='grc'>163,</span> 
     </span>
     <span class='ocr_line' id='line_1_62' title="bbox 869 1876 1008 1949; baseline 0 -17"><span class='ocrx_word' id='word_1_300' title='bbox 869 1876 1008 1949; x_wconf 85' lang='lat'>104,133.</span> 
     </span>
    </p>

    <p class='ocr_par' dir='ltr' id='par_1_10' title="bbox 862 1970 1421 3549">
     <span class='ocr_line' id='line_1_63' title="bbox 902 1970 1418 2043; baseline 0.01 -21"><span class='ocrx_word' id='word_1_301' title='bbox 902 1970 979 2023; x_wconf 90' lang='lat' dir='ltr'>Dum</span> <span class='ocrx_word' id='word_1_302' title='bbox 1001 1986 1085 2025; x_wconf 89' lang='lat' dir='ltr'>sacro</span> <span class='ocrx_word' id='word_1_303' title='bbox 1107 1970 1232 2026; x_wconf 86' lang='lat' dir='ltr'>interest</span> <span class='ocrx_word' id='word_1_304' title='bbox 1254 1973 1418 2043; x_wconf 87' lang='lat' dir='ltr'>Manresae,</span> 
     </span>
     <span class='ocr_line' id='line_1_64' title="bbox 865 2058 1419 2135; baseline 0 -21"><span class='ocrx_word' id='word_1_305' title='bbox 865 2058 976 2114; x_wconf 90' lang='lat' dir='ltr'>Christi</span> <span class='ocrx_word' id='word_1_306' title='bbox 989 2059 1156 2129; x_wconf 87' lang='lat' dir='ltr'>passionem</span> <span class='ocrx_word' id='word_1_307' title='bbox 1170 2058 1254 2131; x_wconf 85' lang='lat' dir='ltr'>legit,</span> <span class='ocrx_word' id='word_1_308' title='bbox 1267 2076 1313 2131; x_wconf 83' lang='lat'>493</span> <span class='ocrx_word' id='word_1_309' title='bbox 1332 2077 1419 2135; x_wconf 88' lang='lat' dir='ltr'>quam</span> 
     </span>
     <span class='ocr_line' id='line_1_65' title="bbox 864 2146 1419 2219; baseline 0.004 -18"><span class='ocrx_word' id='word_1_310' title='bbox 864 2146 973 2202; x_wconf 90' lang='lat' dir='ltr'>devote</span> <span class='ocrx_word' id='word_1_311' title='bbox 986 2165 1018 2201; x_wconf 89' lang='lat' dir='ltr'>se</span> <span class='ocrx_word' id='word_1_312' title='bbox 1032 2156 1186 2219; x_wconf 87' lang='lat' dir='ltr'>praeparet</span> <span class='ocrx_word' id='word_1_313' title='bbox 1199 2148 1235 2203; x_wconf 88' lang='lat' dir='ltr'>ad</span> <span class='ocrx_word' id='word_1_314' title='bbox 1249 2166 1363 2203; x_wconf 89' lang='lat' dir='ltr'>sacrum</span> <span class='ocrx_word' id='word_1_315' title='bbox 1379 2148 1419 2203; x_wconf 82' lang='lat' dir='ltr'>la·</span> 
     </span>
     <span class='ocr_line' id='line_1_66' title="bbox 864 2237 1420 2308; baseline 0.002 -16"><span class='ocrx_word' id='word_1_316' title='bbox 864 2237 1013 2308; x_wconf 87' lang='lat' dir='ltr'>ciendum,</span> <span class='ocrx_word' id='word_1_317' title='bbox 1034 2252 1096 2307; x_wconf 85' lang='grc'>246,</span> <span class='ocrx_word' id='word_1_318' title='bbox 1116 2252 1178 2307; x_wconf 83' lang='grc'>256;</span> <span class='ocrx_word' id='word_1_319' title='bbox 1198 2247 1228 2293; x_wconf 90' lang='grc'>61</span> <span class='ocrx_word' id='word_1_320' title='bbox 1246 2256 1360 2293; x_wconf 89' lang='lat' dir='ltr'>sacrum</span> <span class='ocrx_word' id='word_1_321' title='bbox 1379 2238 1420 2293; x_wconf 84' lang='lat' dir='ltr'>fa-</span> 
     </span>
     <span class='ocr_line' id='line_1_67' title="bbox 864 2322 1420 2397; baseline 0.004 -19"><span class='ocrx_word' id='word_1_322' title='bbox 864 2326 935 2391; x_wconf 85' lang='lat' dir='ltr'>ciat,</span> <span class='ocrx_word' id='word_1_323' title='bbox 949 2337 1011 2393; x_wconf 90' lang='grc'><strong>472,</strong></span> <span class='ocrx_word' id='word_1_324' title='bbox 1027 2338 1090 2395; x_wconf 76' lang='lat'>5113</span> <span class='ocrx_word' id='word_1_325' title='bbox 1103 2342 1172 2397; x_wconf 90' lang='lat' dir='ltr'>prae</span> <span class='ocrx_word' id='word_1_326' title='bbox 1183 2322 1350 2380; x_wconf 90' lang='lat' dir='ltr'>devotionis</span> <span class='ocrx_word' id='word_1_327' title='bbox 1363 2344 1420 2381; x_wconf 85' lang='lat' dir='ltr'>ma-</span> 
     </span>
     <span class='ocr_line' id='line_1_68' title="bbox 864 2414 1419 2485; baseline 0 -17"><span class='ocrx_word' id='word_1_328' title='bbox 864 2414 1021 2485; x_wconf 86' lang='lat' dir='ltr'>gnitudine</span> <span class='ocrx_word' id='word_1_329' title='bbox 1039 2415 1166 2469; x_wconf 84' lang='lat' dir='ltr'>officium</span> <span class='ocrx_word' id='word_1_330' title='bbox 1186 2414 1320 2469; x_wconf 90' lang='lat' dir='ltr'>divinum</span> <span class='ocrx_word' id='word_1_331' title='bbox 1341 2431 1419 2469; x_wconf 92' lang='lat' dir='ltr'>com-</span> 
     </span>
     <span class='ocr_line' id='line_1_69' title="bbox 866 2502 1421 2575; baseline 0.002 -19"><span class='ocrx_word' id='word_1_332' title='bbox 866 2502 952 2556; x_wconf 88' lang='lat' dir='ltr'>mode</span> <span class='ocrx_word' id='word_1_333' title='bbox 966 2505 1135 2574; x_wconf 89' lang='lat' dir='ltr'>persolvere</span> <span class='ocrx_word' id='word_1_334' title='bbox 1148 2504 1262 2575; x_wconf 90' lang='lat' dir='ltr'>nequit,</span> <span class='ocrx_word' id='word_1_335' title='bbox 1277 2518 1339 2573; x_wconf 83' lang='lat'>475:</span> <span class='ocrx_word' id='word_1_336' title='bbox 1355 2506 1421 2558; x_wconf 91' lang='lat' dir='ltr'>vult</span> 
     </span>
     <span class='ocr_line' id='line_1_70' title="bbox 865 2594 1421 2665; baseline 0.002 -18"><span class='ocrx_word' id='word_1_337' title='bbox 865 2609 964 2647; x_wconf 88' lang='lat' dir='ltr'>sacros</span> <span class='ocrx_word' id='word_1_338' title='bbox 978 2594 1052 2647; x_wconf 90' lang='lat' dir='ltr'>ritus</span> <span class='ocrx_word' id='word_1_339' title='bbox 1065 2600 1096 2646; x_wconf 91' lang='lat' dir='ltr'>et</span> <span class='ocrx_word' id='word_1_340' title='bbox 1112 2596 1313 2648; x_wconf 85' lang='lat' dir='ltr'>caeremonias</span> <span class='ocrx_word' id='word_1_341' title='bbox 1328 2594 1376 2665; x_wconf 87' lang='lat' dir='ltr'>pie</span> <span class='ocrx_word' id='word_1_342' title='bbox 1390 2602 1421 2648; x_wconf 90' lang='lat' dir='ltr'>et</span> 
     </span>
     <span class='ocr_line' id='line_1_71' title="bbox 865 2682 1420 2753; baseline -0.002 -16"><span class='ocrx_word' id='word_1_343' title='bbox 865 2690 1001 2737; x_wconf 90' lang='lat' dir='ltr'>accurate</span> <span class='ocrx_word' id='word_1_344' title='bbox 1019 2682 1142 2750; x_wconf 90' lang='lat' dir='ltr'>servari,</span> <span class='ocrx_word' id='word_1_345' title='bbox 1158 2694 1225 2751; x_wconf 81' lang='lat'>5243</span> <span class='ocrx_word' id='word_1_346' title='bbox 1245 2683 1274 2736; x_wconf 93' lang='lat' dir='ltr'>in</span> <span class='ocrx_word' id='word_1_347' title='bbox 1294 2683 1420 2753; x_wconf 88' lang='lat' dir='ltr'>singulis</span> 
     </span>
     <span class='ocr_line' id='line_1_72' title="bbox 864 2770 1420 2839; baseline 0.004 -15"><span class='ocrx_word' id='word_1_348' title='bbox 864 2770 953 2824; x_wconf 90' lang='lat' dir='ltr'>sociis</span> <span class='ocrx_word' id='word_1_349' title='bbox 971 2770 1120 2825; x_wconf 85' lang='lat' dir='ltr'>Christum</span> <span class='ocrx_word' id='word_1_350' title='bbox 1140 2770 1319 2839; x_wconf 88' lang='lat' dir='ltr'>considerat,</span> <span class='ocrx_word' id='word_1_351' title='bbox 1338 2770 1420 2826; x_wconf 91' lang='lat' dir='ltr'>inde-</span> 
     </span>
     <span class='ocr_line' id='line_1_73' title="bbox 864 2857 1419 2932; baseline 0.004 -19"><span class='ocrx_word' id='word_1_352' title='bbox 864 2876 922 2932; x_wconf 89' lang='lat' dir='ltr'>que</span> <span class='ocrx_word' id='word_1_353' title='bbox 934 2857 1074 2929; x_wconf 86' lang='lat' dir='ltr'>gaudium</span> <span class='ocrx_word' id='word_1_354' title='bbox 1088 2859 1222 2929; x_wconf 85' lang='lat' dir='ltr'>percipit,</span> <span class='ocrx_word' id='word_1_355' title='bbox 1246 2860 1306 2931; x_wconf 82' lang='lat'>1653</span> <span class='ocrx_word' id='word_1_356' title='bbox 1327 2862 1419 2915; x_wconf 90' lang='lat' dir='ltr'>eccle·</span> 
     </span>
     <span class='ocr_line' id='line_1_74' title="bbox 865 2934 1419 3002; baseline 0 -1"><span class='ocrx_word' id='word_1_357' title='bbox 865 2934 984 3002; x_wconf 89' lang='lat' dir='ltr'>siastico</span> <span class='ocrx_word' id='word_1_358' title='bbox 996 2936 1085 2999; x_wconf 80' lang='lat' dir='ltr'>cahtu</span> <span class='ocrx_word' id='word_1_359' title='bbox 1101 2956 1251 3001; x_wconf 87' lang='lat' dir='ltr'>recreatus</span> <span class='ocrx_word' id='word_1_360' title='bbox 1269 2947 1305 2999; x_wconf 91' lang='lat' dir='ltr'>ad</span> <span class='ocrx_word' id='word_1_361' title='bbox 1324 2948 1419 3001; x_wconf 91' lang='lat' dir='ltr'>Deum</span> 
     </span>
     <span class='ocr_line' id='line_1_75' title="bbox 864 3035 1419 3112; baseline 0.002 -23"><span class='ocrx_word' id='word_1_362' title='bbox 864 3035 1012 3101; x_wconf 87' lang='lat' dir='ltr'>ascendit,</span> <span class='ocrx_word' id='word_1_363' title='bbox 1040 3047 1107 3103; x_wconf 82' lang='lat'><em>2423</em></span> <span class='ocrx_word' id='word_1_364' title='bbox 1134 3042 1250 3106; x_wconf 88' lang='lat' dir='ltr'>optaret</span> <span class='ocrx_word' id='word_1_365' title='bbox 1274 3036 1419 3112; x_wconf 83' lang='lat' dir='ltr'>originem</span> 
     </span>
     <span class='ocr_line' id='line_1_76' title="bbox 865 3122 1419 3194; baseline 0 -16"><span class='ocrx_word' id='word_1_366' title='bbox 865 3126 980 3189; x_wconf 78' lang='lat' dir='ltr'>trahere</span> <span class='ocrx_word' id='word_1_367' title='bbox 991 3140 1007 3177; x_wconf 89' lang='lat' dir='ltr'>a</span> <span class='ocrx_word' id='word_1_368' title='bbox 1014 3122 1142 3193; x_wconf 86' lang='lat' dir='ltr'>judaeis,</span> <span class='ocrx_word' id='word_1_369' title='bbox 1150 3132 1182 3177; x_wconf 92' lang='grc'>61</span> <span class='ocrx_word' id='word_1_370' title='bbox 1193 3124 1303 3180; x_wconf 84' lang='lat' dir='ltr'>Christi</span> <span class='ocrx_word' id='word_1_371' title='bbox 1313 3140 1419 3194; x_wconf 88' lang='lat' dir='ltr'>cogna-</span> 
     </span>
     <span class='ocr_line' id='line_1_77' title="bbox 865 3210 1421 3269; baseline -0.004 -2"><span class='ocrx_word' id='word_1_372' title='bbox 865 3223 913 3267; x_wconf 89' lang='lat' dir='ltr'>tus</span> <span class='ocrx_word' id='word_1_373' title='bbox 923 3210 1084 3267; x_wconf 87' lang='lat' dir='ltr'>secundum</span> <span class='ocrx_word' id='word_1_374' title='bbox 1095 3228 1214 3265; x_wconf 85' lang='lat' dir='ltr'>carnem</span> <span class='ocrx_word' id='word_1_375' title='bbox 1225 3228 1259 3265; x_wconf 91' lang='lat' dir='ltr'>ac</span> <span class='ocrx_word' id='word_1_376' title='bbox 1269 3212 1303 3265; x_wconf 90' lang='lat' dir='ltr'>B.</span> <span class='ocrx_word' id='word_1_377' title='bbox 1311 3213 1347 3269; x_wconf 82' lang='lat' dir='ltr'>V,</span> <span class='ocrx_word' id='word_1_378' title='bbox 1361 3212 1421 3265; x_wconf 87' lang='lat' dir='ltr'>Ma·</span> 
     </span>
     <span class='ocr_line' id='line_1_78' title="bbox 863 3298 1420 3371; baseline -0.002 -16"><span class='ocrx_word' id='word_1_379' title='bbox 863 3301 924 3356; x_wconf 88' lang='lat' dir='ltr'>riae</span> <span class='ocrx_word' id='word_1_380' title='bbox 939 3318 1005 3355; x_wconf 89' lang='lat' dir='ltr'>esse</span> <span class='ocrx_word' id='word_1_381' title='bbox 1021 3308 1131 3371; x_wconf 86' lang='lat' dir='ltr'>posset,</span> <span class='ocrx_word' id='word_1_382' title='bbox 1146 3298 1207 3371; x_wconf 52' lang='lat'>3:28,</span> <span class='ocrx_word' id='word_1_383' title='bbox 1225 3300 1287 3370; x_wconf 80' lang='lat'>399:</span> <span class='ocrx_word' id='word_1_384' title='bbox 1309 3302 1373 3355; x_wconf 90' lang='lat' dir='ltr'>vult</span> <span class='ocrx_word' id='word_1_385' title='bbox 1387 3311 1420 3355; x_wconf 94' lang='lat' dir='ltr'>ut</span> 
     </span>
     <span class='ocr_line' id='line_1_79' title="bbox 862 3388 1420 3461; baseline -0.002 -17"><span class='ocrx_word' id='word_1_386' title='bbox 862 3390 968 3461; x_wconf 89' lang='lat' dir='ltr'>religio</span> <span class='ocrx_word' id='word_1_387' title='bbox 997 3408 1014 3444; x_wconf 89' lang='lat' dir='ltr'>a</span> <span class='ocrx_word' id='word_1_388' title='bbox 1043 3407 1076 3443; x_wconf 91' lang='lat' dir='ltr'>se</span> <span class='ocrx_word' id='word_1_389' title='bbox 1106 3389 1241 3444; x_wconf 91' lang='lat' dir='ltr'>instituta</span> <span class='ocrx_word' id='word_1_390' title='bbox 1268 3388 1420 3444; x_wconf 77' lang='lat' dir='ltr'>«Societas</span> 
     </span>
     <span class='ocr_line' id='line_1_80' title="bbox 864 3478 1256 3549; baseline -0.003 -15"><span class='ocrx_word' id='word_1_391' title='bbox 864 3480 954 3549; x_wconf 84' lang='lat' dir='ltr'>Jesun</span> <span class='ocrx_word' id='word_1_392' title='bbox 969 3487 1102 3547; x_wconf 90' lang='lat' dir='ltr'>vocetur,</span> <span class='ocrx_word' id='word_1_393' title='bbox 1117 3478 1182 3549; x_wconf 86' lang='lat'>378,</span> <span class='ocrx_word' id='word_1_394' title='bbox 1195 3492 1256 3547; x_wconf 74' lang='lat'><strong>527.</strong></span> 
     </span>
    </p>

    <p class='ocr_par' dir='ltr' id='par_1_11' title="bbox 863 3567 1419 3815">
     <span class='ocr_line' id='line_1_81' title="bbox 901 3567 1418 3638; baseline -0.002 -16"><span class='ocrx_word' id='word_1_395' title='bbox 901 3568 968 3622; x_wconf 92' lang='lat' dir='ltr'>Suis</span> <span class='ocrx_word' id='word_1_396' title='bbox 993 3567 1159 3638; x_wconf 90' lang='lat' dir='ltr'>sumptibus</span> <span class='ocrx_word' id='word_1_397' title='bbox 1185 3570 1217 3623; x_wconf 94' lang='grc' dir='ltr'>Β.</span> <span class='ocrx_word' id='word_1_398' title='bbox 1246 3569 1282 3621; x_wconf 91' lang='lat' dir='ltr'>V.</span> <span class='ocrx_word' id='word_1_399' title='bbox 1308 3568 1418 3622; x_wconf 88' lang='lat' dir='ltr'>Mariae</span> 
     </span>
     <span class='ocr_line' id='line_1_82' title="bbox 863 3656 1419 3727; baseline -0.005 -15"><span class='ocrx_word' id='word_1_400' title='bbox 863 3657 1023 3727; x_wconf 85' lang='lat' dir='ltr'>imaginem</span> <span class='ocrx_word' id='word_1_401' title='bbox 1037 3657 1200 3711; x_wconf 87' lang='lat' dir='ltr'>instaurare</span> <span class='ocrx_word' id='word_1_402' title='bbox 1215 3667 1309 3726; x_wconf 89' lang='lat' dir='ltr'>curat,</span> <span class='ocrx_word' id='word_1_403' title='bbox 1322 3672 1367 3725; x_wconf 80' lang='lat'>443</span> <span class='ocrx_word' id='word_1_404' title='bbox 1382 3656 1419 3710; x_wconf 90' lang='lat' dir='ltr'>de</span> 
     </span>
     <span class='ocr_line' id='line_1_83' title="bbox 865 3745 1415 3815; baseline -0.007 -14"><span class='ocrx_word' id='word_1_405' title='bbox 865 3754 952 3801; x_wconf 89' lang='lat' dir='ltr'>nocte</span> <span class='ocrx_word' id='word_1_406' title='bbox 977 3745 1079 3815; x_wconf 83' lang='lat' dir='ltr'>vigilat</span> <span class='ocrx_word' id='word_1_407' title='bbox 1105 3747 1134 3799; x_wconf 91' lang='lat' dir='ltr'>in</span> <span class='ocrx_word' id='word_1_408' title='bbox 1157 3745 1231 3799; x_wconf 89' lang='lat' dir='ltr'>aede</span> <span class='ocrx_word' id='word_1_409' title='bbox 1254 3747 1288 3799; x_wconf 90' lang='lat' dir='ltr'>B.</span> <span class='ocrx_word' id='word_1_410' title='bbox 1312 3746 1348 3798; x_wconf 93' lang='lat' dir='ltr'>V.</span> <span class='ocrx_word' id='word_1_411' title='bbox 1374 3746 1415 3799; x_wconf 90' lang='lat' dir='ltr'>M.</span> 
     </span>
    </p>
   </div>
   <div class='ocr_carea' id='block_1_6' title="bbox 864 3835 1421 3978">
    <p class='ocr_par' dir='ltr' id='par_1_12' title="bbox 864 3835 1421 3978">
     <span class='ocr_line' id='line_1_84' title="bbox 864 3835 1421 3905; baseline -0.004 -16"><span class='ocrx_word' id='word_1_412' title='bbox 864 3836 902 3889; x_wconf 91' lang='lat' dir='ltr'>de</span> <span class='ocrx_word' id='word_1_413' title='bbox 917 3837 1081 3899; x_wconf 82' lang='lat' dir='ltr'>Aranzazu,</span> <span class='ocrx_word' id='word_1_414' title='bbox 1099 3850 1146 3903; x_wconf 83' lang='lat'>44;</span> <span class='ocrx_word' id='word_1_415' title='bbox 1165 3851 1245 3887; x_wconf 88' lang='lat' dir='ltr'>arma</span> <span class='ocrx_word' id='word_1_416' title='bbox 1260 3835 1289 3889; x_wconf 92' lang='lat' dir='ltr'>in</span> <span class='ocrx_word' id='word_1_417' title='bbox 1311 3835 1421 3905; x_wconf 91' lang='lat' dir='ltr'>templo</span> 
     </span>
     <span class='ocr_line' id='line_1_85' title="bbox 867 3918 1420 3978; baseline -0.005 -4"><span class='ocrx_word' id='word_1_418' title='bbox 867 3922 900 3978; x_wconf 89' lang='lat' dir='ltr'>B.</span> <span class='ocrx_word' id='word_1_419' title='bbox 916 3921 953 3976; x_wconf 91' lang='lat' dir='ltr'>V.</span> <span class='ocrx_word' id='word_1_420' title='bbox 969 3920 1008 3974; x_wconf 87' lang='grc'>111.</span> <span class='ocrx_word' id='word_1_421' title='bbox 1027 3918 1056 3973; x_wconf 93' lang='lat' dir='ltr'>in</span> <span class='ocrx_word' id='word_1_422' title='bbox 1076 3921 1176 3973; x_wconf 86' lang='lat' dir='ltr'>Monte</span> <span class='ocrx_word' id='word_1_423' title='bbox 1193 3918 1312 3974; x_wconf 88' lang='lat' dir='ltr'>Serrato</span> <span class='ocrx_word' id='word_1_424' title='bbox 1332 3935 1420 3973; x_wconf 88' lang='lat' dir='ltr'>excu·</span> 
     </span>
    </p>
   </div>
   <div class='ocr_carea' id='block_1_7' title="bbox 865 4006 1424 4695">
    <p class='ocr_par' dir='ltr' id='par_1_13' title="bbox 865 4006 1424 4695">
     <span class='ocr_line' id='line_1_86' title="bbox 865 4006 1421 4080; baseline -0.005 -16"><span class='ocrx_word' id='word_1_425' title='bbox 865 4011 928 4079; x_wconf 86' lang='lat' dir='ltr'>bat,</span> <span class='ocrx_word' id='word_1_426' title='bbox 946 4020 991 4077; x_wconf 88' lang='grc'><strong>47,</strong></span> <span class='ocrx_word' id='word_1_427' title='bbox 1014 4022 1074 4077; x_wconf 88' lang='grc'>162,</span> <span class='ocrx_word' id='word_1_428' title='bbox 1096 4006 1156 4078; x_wconf 71' lang='grc'>131,</span> <span class='ocrx_word' id='word_1_429' title='bbox 1176 4017 1349 4080; x_wconf 82' lang='grc'>6616616616</span> <span class='ocrx_word' id='word_1_430' title='bbox 1364 4008 1421 4062; x_wconf 87' lang='lat' dir='ltr'>Ma·</span> 
     </span>
     <span class='ocr_line' id='line_1_87' title="bbox 866 4095 1421 4167; baseline -0.002 -15"><span class='ocrx_word' id='word_1_431' title='bbox 866 4100 927 4152; x_wconf 90' lang='lat' dir='ltr'>riae</span> <span class='ocrx_word' id='word_1_432' title='bbox 954 4096 1155 4166; x_wconf 84' lang='lat' dir='ltr'>virginitatem</span> <span class='ocrx_word' id='word_1_433' title='bbox 1190 4095 1339 4163; x_wconf 79' lang='lat' dir='ltr'>defendit,</span> <span class='ocrx_word' id='word_1_434' title='bbox 1376 4108 1421 4167; x_wconf 77' lang='lat'>453</span> 
     </span>
     <span class='ocr_line' id='line_1_88' title="bbox 867 4183 1422 4254; baseline -0.007 -13"><span class='ocrx_word' id='word_1_435' title='bbox 867 4195 950 4242; x_wconf 89' lang='lat' dir='ltr'>tenet</span> <span class='ocrx_word' id='word_1_436' title='bbox 969 4187 1004 4239; x_wconf 89' lang='grc' dir='ltr'>Β.</span> <span class='ocrx_word' id='word_1_437' title='bbox 1027 4185 1066 4238; x_wconf 80' lang='grc'>1’.</span> <span class='ocrx_word' id='word_1_438' title='bbox 1094 4186 1215 4239; x_wconf 85' lang='lat' dir='ltr'>Mariam</span> <span class='ocrx_word' id='word_1_439' title='bbox 1239 4188 1277 4239; x_wconf 88' lang='lat' dir='ltr'>ab</span> <span class='ocrx_word' id='word_1_440' title='bbox 1299 4183 1422 4254; x_wconf 87' lang='lat' dir='ltr'>originis</span> 
     </span>
     <span class='ocr_line' id='line_1_89' title="bbox 865 4272 1423 4347; baseline -0.009 -17"><span class='ocrx_word' id='word_1_441' title='bbox 865 4278 951 4347; x_wconf 87' lang='lat' dir='ltr'>culpa</span> <span class='ocrx_word' id='word_1_442' title='bbox 975 4276 1135 4329; x_wconf 88' lang='lat' dir='ltr'>immunem</span> <span class='ocrx_word' id='word_1_443' title='bbox 1156 4274 1260 4343; x_wconf 83' lang='lat' dir='ltr'>fuisse,</span> <span class='ocrx_word' id='word_1_444' title='bbox 1283 4272 1423 4331; x_wconf 91' lang='lat' dir='ltr'>Olavium</span> 
     </span>
     <span class='ocr_line' id='line_1_90' title="bbox 867 4361 1424 4437; baseline -0.009 -19"><span class='ocrx_word' id='word_1_445' title='bbox 867 4373 966 4419; x_wconf 88' lang='lat' dir='ltr'>tamen</span> <span class='ocrx_word' id='word_1_446' title='bbox 993 4364 1129 4433; x_wconf 88' lang='lat' dir='ltr'>prohihet</span> <span class='ocrx_word' id='word_1_447' title='bbox 1155 4362 1192 4417; x_wconf 88' lang='lat' dir='ltr'>de</span> <span class='ocrx_word' id='word_1_448' title='bbox 1218 4364 1273 4417; x_wconf 91' lang='lat' dir='ltr'>hac</span> <span class='ocrx_word' id='word_1_449' title='bbox 1297 4361 1424 4437; x_wconf 82' lang='lat' dir='ltr'>veritate</span> 
     </span>
     <span class='ocr_line' id='line_1_91' title="bbox 867 4448 1422 4521; baseline -0.007 -16"><span class='ocrx_word' id='word_1_450' title='bbox 867 4454 967 4506; x_wconf 87' lang='lat' dir='ltr'>theses</span> <span class='ocrx_word' id='word_1_451' title='bbox 993 4450 1110 4521; x_wconf 88' lang='lat' dir='ltr'>publice</span> <span class='ocrx_word' id='word_1_452' title='bbox 1131 4466 1332 4521; x_wconf 87' lang='lat' dir='ltr'>propugnare,</span> <span class='ocrx_word' id='word_1_453' title='bbox 1359 4448 1422 4516; x_wconf 85' lang='grc'><strong>434;</strong></span> 
     </span>
     <span class='ocr_line' id='line_1_92' title="bbox 867 4538 1424 4612; baseline -0.007 -18"><span class='ocrx_word' id='word_1_454' title='bbox 867 4557 972 4612; x_wconf 86' lang='lat' dir='ltr'>parvas</span> <span class='ocrx_word' id='word_1_455' title='bbox 995 4540 1125 4592; x_wconf 82' lang='lat' dir='ltr'>horarias</span> <span class='ocrx_word' id='word_1_456' title='bbox 1146 4541 1179 4592; x_wconf 86' lang='lat' dir='ltr'>B.</span> <span class='ocrx_word' id='word_1_457' title='bbox 1202 4539 1239 4591; x_wconf 88' lang='lat' dir='ltr'>V.</span> <span class='ocrx_word' id='word_1_458' title='bbox 1260 4538 1298 4591; x_wconf 86' lang='lat' dir='ltr'>M.</span> <span class='ocrx_word' id='word_1_459' title='bbox 1320 4553 1424 4608; x_wconf 89' lang='lat' dir='ltr'>preces</span> 
     </span>
     <span class='ocr_line' id='line_1_93' title="bbox 867 4624 1044 4695; baseline -0.017 -11"><span class='ocrx_word' id='word_1_460' title='bbox 867 4630 984 4695; x_wconf 89' lang='lat' dir='ltr'>recitat,</span> <span class='ocrx_word' id='word_1_461' title='bbox 1000 4624 1044 4694; x_wconf 83' lang='lat'>53.</span> 
     </span>
    </p>
   </div>
   <div class='ocr_carea' id='block_1_8' title="bbox 0 0 1754 5367">
    <p class='ocr_par' dir='ltr' id='par_1_14' title="bbox 0 0 1754 5367">
     <span class='ocr_line' id='line_1_94' title="bbox 0 0 1754 5367; baseline 0 0"><span class='ocrx_word' id='word_1_462' title='bbox 0 0 1754 5367; x_wconf 95' lang='lat' dir='ltr'> </span> 
     </span>
    </p>
   </div>
  </div>
 </body>
</html>
