3500 5367
403 434 457 490 544
783 418 990 473 Monuusurn
1010 418 1190 475 losannae

366 594 510 658 quarum
529 570 667 657 quidem
684 570 874 638 litterarum
892 581 989 637 tenor
1009 583 1045 639 et
1065 570 1277 639 continentia
1298 571 1457 655 sequitur,
1477 583 1507 637 et
1520 583 1562 638 est

368 688 457 768 talis,
476 687 649 757 videlicet.

436 804 643 885 «AntoniuS,
657 802 876 871 miseratione
891 800 1007 869 divina
1023 814 1220 868 sanctorum
1233 804 1393 887 Quatuor
1403 803 1558 868 Coronato

366 942 440 986 rum
458 922 637 1005 presbyter
652 918 845 997 cardinalis,
863 917 1000 985 dilectis
1015 917 1051 983 in
1068 920 1157 1003 Xpo.
1176 916 1320 985 Nicolao
1335 920 1380 984 de
1403 916 1560 991 Bouadilla,

365 1035 496 1105 Didaco
524 1036 671 1121 Laynes,
701 1034 886 1101 Francisco
914 1032 1053 1113 Xabier,
1084 1033 1231 1100 Allonso
1260 1034 1444 1112 Salmeron,
1468 1031 1561 1098 loanni

364 1152 507 1231 Coduri,
526 1150 658 1220 Simoni
683 1149 841 1218 Roderici
865 1161 900 1218 et
923 1147 1087 1216 Michaeli
1110 1148 1284 1216 Landinar
1305 1148 1320 1188 b
1342 1171 1383 1215 ac
1400 1147 1513 1234 Ignatio
1527 1147 1561 1212 de

365 1269 504 1354 Loyola,
535 1266 667 1333 clericis
694 1280 728 1331 et
755 1265 971 1331 scholaribus
998 1264 1256 1351 palentinensis,
1284 1263 1520 1352 saguntinensis
1539 1274 1560 1339 ⁹,

364 1382 641 1469 pampilonensis,
669 1382 903 1462 toletanensis,
926 1379 1174 1449 ebredunensis
1194 1392 1229 1447 et
1249 1379 1507 1467 pampylonensis
1522 1379 1560 1445 ci·

363 1500 508 1566 vitatum
527 1512 561 1567 et
577 1497 780 1565 dioeceseon
797 1496 999 1582 respective,
1022 1496 1147 1563 artium
1171 1508 1206 1564 et
1227 1496 1456 1583 philosophiae
1474 1494 1561 1581 magi·

364 1613 455 1695 stris,
473 1616 617 1681 salutem
634 1612 669 1678 in
686 1612 846 1679 Domino.

432 1733 477 1798 Ut
493 1750 578 1816 erga
594 1731 709 1795 sedem
726 1727 946 1814 apostolicam
963 1751 1005 1796 eo
1025 1729 1172 1815 amplius
1195 1741 1352 1796 crescant
1376 1740 1495 1796 vestrae
1512 1726 1559 1791 de-

363 1844 511 1912 votionis
538 1847 693 1923 affectus,
728 1865 797 1929 quo
825 1866 900 1909 eam
928 1843 1166 1931 benigniorem
1194 1845 1407 1925 inveneritis,
1435 1841 1558 1910 iaciendo

362 1961 461 2027 uobis
478 1960 621 2047 gratiam
639 1960 833 2045 specialem:
853 1960 1021 2044 porrectis
1036 1959 1142 2047 igitur
1157 1960 1257 2027 nobis
1277 1983 1340 2047 pro
1363 1971 1455 2047 parte
1470 1967 1558 2026 vestra

361 2074 679 2162 supplicationibus
695 2088 860 2161 quantum
877 2096 956 2141 cum
973 2079 1047 2143 Deo
1059 2098 1256 2161 possumus,
1270 2077 1424 2163 benigne
1434 2094 1558 2141 annuen-

363 2205 426 2271 tes,
445 2190 628 2259 autoritate
648 2190 776 2257 domini
792 2212 914 2279 papae,
937 2192 1037 2277 cujus
1060 2191 1341 2278 poenitentiariae
1361 2213 1471 2259 curam
1488 2186 1559 2275 geri·-

361 2328 450 2387 muS,
467 2318 502 2373 et
517 2308 560 2373 de
582 2307 656 2391 ejus
677 2306 814 2392 speciali
834 2318 870 2373 et
890 2329 1051 2392 expresso
1074 2308 1248 2388 mandato,
1273 2330 1378 2395 super
1401 2309 1464 2374 hoc
1481 2305 1558 2370 vivae

361 2422 455 2489 vocis
475 2423 615 2488 oraculo
635 2422 733 2489 nobis
756 2422 860 2503 facto,
887 2433 926 2487 ut
949 2444 969 2488 a
992 2444 1212 2509 quocumque
1231 2423 1404 2491 catholico
1415 2418 1555 2494 antistite,

361 2537 506 2625 gratiam
525 2550 559 2606 et
576 2536 849 2607 communionem
867 2538 980 2606 dictae
995 2540 1086 2607 sedis
1107 2542 1268 2619 habente,
1293 2553 1393 2607 extra
1415 2558 1556 2606 romanam

350 2654 489 2750 'curiam
507 2654 542 2719 in
559 2654 642 2721 locis
658 2657 700 2720 ab
718 2656 811 2723 Urbe
833 2676 892 2740 per
913 2656 1140 2741 quadraginta
1160 2656 1314 2723 milliaria
1337 2659 1380 2723 ad
1405 2656 1504 2721 minus
1517 2651 1555 2717 di-

361 2771 543 2851 stantibus,
561 2770 663 2837 etiam
680 2770 715 2836 in
728 2769 839 2837 aliena
851 2770 978 2838 diocesi
991 2772 1173 2853 residente,
1189 2772 1337 2839 clericali
1351 2776 1527 2840 charactere
1535 2764 1555 2841 ὖ,

360 2886 389 2953 si
407 2887 557 2953 nondum
574 2884 728 2971 insigniti
745 2884 838 2967 estis,
857 2885 1026 2971 insigniri,
1045 2898 1080 2954 et
1096 2888 1140 2955 ad
1161 2910 1281 2953 omnes
1297 2889 1400 2955 etiam
1422 2894 1556 2954 sacroset

361 3002 606 3088 presbiteratus
623 3001 759 3067 ordines
774 3014 799 3083 o;
816 3012 852 3067 et
868 3015 918 3082 tu,
938 3003 1094 3080 Alfonse,
1113 3024 1194 3069 cum
1217 3004 1362 3089 primum
1385 3001 1555 3090 vigesimum

360 3118 498 3184 tertium
517 3130 596 3185 tuae
612 3115 733 3191 aetatis
750 3138 876 3182 annum
894 3115 1062 3204 attigeris,
1082 3119 1196 3185 velex
1212 3140 1317 3201 nunc,
1335 3120 1364 3185 si
1388 3121 1421 3185 in
1441 3140 1477 3183 eo
1493 3135 1556 3182 oon·

361 3234 502 3301 stitutus
519 3234 655 3310 existas,
675 3245 710 3298 et
726 3231 792 3299 sad
808 3233 937 3298 dictum
955 3232 1202 3318 presbiteratus
1224 3234 1392 3315 ordinem,
1410 3235 1498 3305 etiam
1511 3251 1557 3295 er·

362 3361 413 3415 tra
430 3360 583 3434 tempora
598 3372 617 3415 a
630 3348 709 3433 jure
724 3358 864 3429 statuta,
885 3348 994 3415 tribus
1010 3348 1188 3416 dominicis
1204 3352 1258 3417 vel
1274 3350 1349 3417 aliis
1367 3349 1487 3419 festivis
1501 3346 1557 3411 die-

360 3466 426 3531 bus
443 3464 645 3551 promoveri‚
664 3476 698 3530 et
715 3463 750 3530 in
766 3463 817 3532 eis
838 3464 1053 3549 postmodum
1078 3465 1180 3531 etiam
1206 3464 1240 3531 in
1264 3467 1382 3533 altaris
1402 3458 1557 3532 ministerio

360 3578 566 3660 ministrare,
584 3590 774 3645 vestrorum
792 3578 982 3665 respective
997 3579 1243 3647 ordinariorum
1260 3581 1399 3650 licentia
1413 3601 1503 3667 super
1517 3573 1557 3640 his

360 3696 499 3763 minime
513 3693 689 3781 requisita,
708 3694 813 3761 libere
828 3706 864 3760 et
879 3693 973 3760 licite
988 3695 1143 3777 valeatis,
1160 3696 1270 3775 vobis,
1289 3708 1325 3765 et
1341 3710 1483 3766 vestrum
1499 3689 1553 3759 cui·

358 3814 454 3892 libet,
469 3822 503 3879 et
516 3809 659 3878 antistiti
672 3809 855 3891 ordinanti,
871 3821 990 3878 tenore
1006 3811 1236 3896 praesentium
1249 3812 1420 3881 licentiam
1431 3803 1556 3895 inparti·

359 3949 447 4011 mur3
466 3949 506 3994 ac
523 3938 648 4006 tecum,
667 3925 824 4007 Allonse,
838 3947 941 4010 super
957 3926 1096 3993 delectu
1111 3925 1245 4005 aetatis,
1264 3949 1381 4013 quem,
1404 3940 1440 3994 ut
1459 3920 1556 3992 asseri·

360 4055 427 4124 tur,
445 4041 583 4128 pateris,
602 4062 695 4107 nunc
711 4052 725 4090 ⁸
740 4038 989 4126 dispensamus
1010 4041 1089 4106 Non
1107 4040 1323 4108 obstantibus
1340 4044 1470 4111 delectu
1483 4047 1555 4105 aeta·

359 4158 402 4224 tis
418 4155 626 4242 hujusmodi,
641 4168 675 4222 et
688 4154 927 4241 lugdunensis,
941 4154 1165 4222 lateranensis
1180 4167 1214 4222 et
1230 4154 1244 4195 ¹²
1261 4157 1455 4227 viennensis
1464 4148 1555 4221 conci·

411 4378 425 4418 b
463 4376 498 4427 In
517 4390 571 4429 ms.
589 4371 737 4443 scriptum
754 4370 822 4441 fuit
841 4368 984 4439 Landina,
1002 4375 1031 4424 et
1046 4375 1150 4441 postea
1166 4372 1275 4426 addita
1291 4377 1336 4427 est
1352 4374 1452 4428 littero
1463 4368 1555 4436 rsrptr

357 4460 845 4520 ultimamlitternmilliusoocis.
883 4448 932 4503 -ἓ
951 4458 1200 4529 Seguntin.Boll.
1237 4463 1288 4503 -d
1300 4470 1444 4519 carattere
1454 4473 1501 4513 ms.
1529 4478 1554 4488 -

354 4571 367 4598 e
385 4552 496 4609 ordinis
508 4568 562 4606 ms.
603 4582 625 4590 -
638 4552 648 4592 t
663 4550 783 4620 existas,
797 4548 887 4603 etiam
897 4548 977 4604 Boll.
1016 4566 1067 4602 -a
1085 4550 1149 4604 Hoc
1163 4550 1284 4605 verbum
1300 4551 1400 4624 legere
1412 4546 1554 4619 norrpolttt·

353 4646 427 4697 runt
442 4642 474 4696 in
487 4640 641 4714 originali
658 4639 775 4694 «Bora»
812 4638 864 4679 -11
882 4653 917 4691 ac
934 4638 1016 4691 Boll.
1056 4680 1061 4688 .
