3500 5367
408 471 459 527 49²
537 516 540 522 ,
786 460 997 516 Mouuusma
1017 459 1197 515 lunarum

365 612 461 681 datio
476 624 511 681 et
526 612 678 681 laudatio
700 632 840 680 suorum
860 634 975 679 coram
992 610 1079 691 aliis,
1101 623 1135 678 et
1158 612 1356 680 domesticis
1377 623 1410 681 et
1430 615 1568 694 externis,

369 730 485 815 pleno,
504 741 543 796 ut
558 729 696 810 dicitur,
715 750 774 797 ore
789 732 893 797 facta.

351 872 355 880 ·
436 846 526 913 Cum
543 848 728 929 Augustae
743 843 1001 913 Vindelicorum
1013 843 1153 913 comitia
1163 855 1279 913 essent
1291 844 1418 912 indicta
1429 867 1486 932 pro
1495 846 1571 931 prin·

333 952 334 957 ’
367 962 503 1049 cipibus
525 972 561 1029 et
581 960 743 1047 praelatis
769 960 989 1054 Germaniae,
1018 959 1200 1028 cardinalis
1222 964 1387 1029 Moronus
1412 960 1528 1049 aJulio
1544 982 1568 1046 3,

368 1098 510 1146 romano
525 1077 699 1165 pontifice,
718 1077 843 1145 missus
859 1098 902 1145 eo
917 1078 1066 1163 legatus,
1084 1076 1182 1163 petiit
1203 1100 1223 1143 a
1245 1089 1367 1144 sancto
1389 1080 1484 1145 Patre
1501 1078 1571 1142 duos

365 1195 575 1263 eSocietate
592 1195 785 1281 theologos,
804 1193 1011 1279 quibuscum
1033 1204 1150 1279 posset
1166 1193 1211 1261 de
1231 1215 1315 1261 suae
1336 1193 1511 1281 legatione
1521 1214 1570 1258 ne-

365 1308 471 1395 gotiis
488 1291 657 1379 conferre.
680 1308 862 1378 Concessit
888 1308 921 1376 ei
948 1319 1089 1377 sanctus
1116 1311 1220 1377 Pater
1248 1310 1385 1375 Patrem
1412 1310 1570 1395 Layneset

368 1427 408 1492 Ρ.
428 1426 597 1506 Natalem,
617 1436 651 1494 et
667 1437 851 1510 utrumque
867 1424 1084 1512 praemonuit
1099 1424 1286 1512 sigillatim,
1304 1436 1341 1492 ut
1357 1428 1441 1494 alter
1452 1424 1568 1493 alterius

363 1541 611 1610 authoritatem
628 1562 730 1627 quarn
747 1540 893 1608 maxime
905 1550 1060 1609 tueretur
1071 1550 1107 1607 ct
1117 1552 1357 1609 conseruatam
1370 1542 1481 1623 uellet,
1493 1539 1569 1605 ideo·

362 1678 432 1743 que
447 1657 477 1724 si
492 1657 590 1726 alteri
606 1679 725 1725 eorum
740 1668 908 1745 punctum
929 1656 1067 1742 aliquod
1086 1656 1188 1726 ualde
1208 1655 1345 1724 difficile
1369 1681 1390 1724 a
1408 1656 1568 1729 cardinale.

365 1772 574 1842 decisionem
595 1785 754 1861 rogante,
772 1784 1034 1861 proponeretur,
1052 1772 1137 1839 illud
1156 1773 1250 1840 solus
1266 1795 1335 1839 non
1357 1774 1529 1850 decideret,
1542 1771 1568 1835 ni

365 1889 461 1975 prius
476 1890 639 1957 cardinali
655 1890 784 1987 diceret
799 1910 837 1957 se
853 1888 1033 1956 consilium
1054 1888 1289 1975 iudiciumque
1310 1889 1366 1955 sui
1381 1888 1463 1957 socii
1484 1908 1567 1973 quae·

363 2005 525 2085 siturum,
543 2016 705 2092 tanquam
722 2004 808 2087 eius,
828 2004 888 2091 qui
910 2004 1091 2073 certiorem
1109 2007 1210 2074 eade
1229 2027 1278 2087 re,
1299 2026 1404 2090 quam
1423 2004 1502 2092 ipse,
1516 2004 1568 2069 sol-

367 2140 450 2188 uere
465 2131 582 2207 posset
602 2120 819 2191 sententiam.

435 2238 512 2303 Hoc
528 2236 639 2323 ipsum
654 2236 756 2305 etiam
772 2259 851 2305 cum
878 2237 953 2305 aliis
969 2236 1004 2305 in
1023 2256 1118 2303 more
1138 2238 1286 2304 habebat
1313 2248 1455 2304 sanctus
1473 2238 1566 2313 Pater;

366 2350 531 2439 quicquid
546 2352 638 2421 enim
654 2352 787 2421 uideret
808 2374 910 2440 posse
936 2353 972 2419 in
995 2353 1132 2419 laudem
1159 2352 1285 2419 adferri
1312 2352 1429 2433 unius,
1444 2352 1477 2418 id
1490 2349 1565 2417 alteri

363 2466 476 2535 amico
492 2468 672 2550 referebat3
691 2469 784 2553 quod
799 2478 915 2555 posset
930 2467 1053 2536 merito
1068 2465 1250 2555 improbari
1267 2466 1302 2533 in
1323 2468 1395 2551 illo,
1412 2468 1446 2535 id
1465 2486 1567 2553 magno

363 2583 501 2652 silentio
529 2585 715 2670 premebat.
746 2585 850 2669 Quod
876 2584 907 2652 si
928 2584 972 2651 de
995 2583 1141 2650 alicuius
1166 2584 1304 2653 defectu
1329 2582 1567 2653 consultandum

359 2710 453 2769 esset
469 2721 628 2785 unusque
644 2698 778 2766 consilii
793 2721 897 2767 causa
913 2701 1098 2780 sufficeret,
1116 2700 1252 2767 duobus
1267 2700 1351 2766 illud
1367 2723 1437 2767 non
1433 2700 1565 2821 'detege-

359 2818 431 2898 bat;
447 2816 476 2882 si
492 2816 563 2882 duo
579 2815 762 2883 necessarii
778 2826 906 2897 essent,
922 2816 1026 2884 tertio
1042 2815 1137 2882 illum
1154 2836 1224 2881 non
1240 2816 1489 2895 manifestabat,
1504 2832 1564 2888 nec,

359 2931 517 3017 quamvis
530 2929 649 3018 grauis
661 2941 754 2999 esset
765 2942 825 2999 aut
838 2930 1038 3019 fugiendus
1052 2930 1235 3017 quicquam
1252 2930 1403 3013 dicebat;
1417 2931 1564 2998 defectum

357 3046 451 3116 enim
467 3047 579 3135 ipsum
596 3046 852 3115 consultoribus
876 3048 969 3115 nude
990 3047 1066 3114 sine
1089 3048 1157 3114 ulla
1178 3046 1443 3134 amplificatione
1462 3064 1565 3133 propo·

361 3165 478 3231 nebat.
683 3152 685 3156 ’

429 3281 580 3349 Eandem
597 3283 642 3349 ob
658 3302 797 3348 causam
812 3279 893 3345 data
908 3300 1012 3365 opera
1027 3280 1229 3347 excurrebat
1246 3278 1281 3344 in
1294 3280 1416 3346 laudes
1427 3273 1565 3347 domesti-

360 3416 483 3461 corum
501 3416 615 3463 coram
633 3394 686 3476 iis,
704 3395 866 3481 aquibus
882 3405 979 3463 certo
995 3394 1217 3481 praeuidebat
1236 3395 1280 3461 ad
1299 3394 1450 3482 ipsorum
1467 3392 1565 3459 lauda-

360 3510 490 3577 tionem
515 3511 568 3592 iis,
592 3512 650 3597 qui
671 3513 778 3579 abeo
800 3509 930 3577 laudati
956 3511 1109 3591 fuerunt,
1140 3512 1368 3579 referendum.
1399 3512 1448 3577 Ita
1468 3525 1565 3576 omnes

361 3625 555 3712 inquirebat
572 3626 646 3694 uias
658 3648 739 3695 suos
752 3627 786 3693 in
798 3626 928 3695 laetitia
940 3624 1080 3713 spiritus
1090 3626 1330 3709 conseruandi‚
1345 3639 1386 3693 ut
1395 3628 1466 3693 sine
1476 3618 1564 3711 gemi-

289 3824 290 3829 ἵ
357 3740 454 3809 tibus
471 3741 633 3813 uiuerent·
646 3744 787 3824 alaereS,
805 3753 839 3811 et
855 3744 932 3811 Deo
947 3739 1062 3811 ment'e
1077 3764 1199 3811 serena
1213 3742 1393 3811 seruirent

430 3858 624 3947 Diligenter
649 3860 753 3927 dabat
779 3880 919 3946 operam
942 3881 987 3927 ne
1007 3858 1083 3939 ulli,
1109 3870 1144 3927 et
1166 3858 1250 3945 ipsis
1272 3880 1411 3944 quoque
1435 3852 1563 3927 nauidis,

359 3977 501 4044 daretur
521 3975 611 4045 iusta
634 3974 776 4043 materia
797 3974 955 4044 tristitiae
981 3987 1017 4043 et
1039 3976 1200 4062 gemitus.
1227 3976 1316 4043 Cum
1340 3974 1514 4063 recepisset
1531 3966 1564 4033 ad

358 4090 568 4160 Societatem
587 4112 605 4177 3
619 4090 839 4159 ferrarienses
854 4090 1000 4161 iuuenes
1018 4094 1056 4171 ¹⁰,
1070 4112 1214 4177 quorum
1230 4091 1505 4178 consanguineus
1516 4086 1564 4152 ab

360 4208 424 4273 bas
441 4206 578 4292 quidam
597 4208 759 4275 conuiuio
776 4230 796 4274 a
811 4206 938 4275 nostris
953 4206 1175 4293 excipiendus
1186 4220 1261 4273 erat
1272 4206 1306 4273 in
1319 4208 1464 4295 collegio
1473 4222 1565 4271 roma·

358 4344 418 4403 no,
436 4334 576 4391 sanctus
594 4326 697 4391 Pater
712 4322 814 4390 etiam
833 4342 852 4407 3
869 4322 947 4389 illos
962 4321 1120 4405 iuuenes,
1136 4321 1202 4389 etsi
1222 4323 1337 4389 adhuc
1358 4322 1393 4389 in
1419 4334 1483 4390 ιβ’·
1502 4336 1563 4404 pru

357 4438 498 4506 batione
525 4450 654 4519 essent,
679 4438 790 4506 eidem
814 4436 980 4507 interesse
1003 4436 1165 4504 conuiuio
1188 4436 1379 4520 mandauit3
1405 4438 1481 4524 quia
1499 4450 1565 4499 vero

399 4688 422 4721 ⁰⁰
459 4688 650 4761 Mentorinle,
664 4706 694 4744 n.
708 4702 770 4757 290,
787 4704 859 4761 pag.
876 4688 940 4759 296.
