3500 5367
402 468 456 538 7⁰⁶
559 450 561 453 ’
782 464 990 520 Mosuurura
1010 463 1188 522 Iounruua

369 626 458 688 bona
474 620 564 685 facta
578 628 613 685 et
630 617 775 686 uirtutes
795 618 953 702 aliorum,
976 630 1015 687 ut
1034 641 1119 706 erga
1138 619 1351 706 prouinciam
1373 639 1577 686 conseruare·

369 747 425 802 tur
440 733 628 822 legentium
645 755 750 801 amor.
770 735 813 801 Et
828 735 872 804 de
888 735 1057 804 industria
1070 735 1201 804 dictum
1222 745 1276 802 est
1291 736 1475 822 collapsam
1491 733 1583 800 luisse

368 850 594 937 disciplinam,
612 872 685 916 non
698 849 733 915 in
751 860 822 916 tota
837 829 1027 936 prouincia,
1044 851 1107 919 sed
1123 851 1233 917 solum
1251 850 1285 916 in
1303 871 1374 916 uno
1396 848 1535 935 collegio
1554 861 1581 916 et

368 967 457 1034 inter
472 966 630 1047 iuuenes
647 979 682 1034 et
698 987 803 1032 causa
820 941 966 1034 refertur
985 965 1173 1048 lenissima3
1196 977 1231 1032 et
1250 966 1425 1034 adduntur
1443 964 1582 1034 encomia

368 1082 507 1168 collegii
523 1079 815 1164 conimbricensis
830 1083 868 1148 'et
883 1081 1008 1148 dicitur
1024 1081 1138 1148 statim
1152 1081 1346 1150 refloruisse
1361 1079 1543 1168 disciplina;
1555 1096 1583 1146 et

369 1198 435 1265 alia
457 1197 610 1264 studiose
637 1194 827 1281 conquisita
851 1199 896 1263 ad
916 1219 989 1266 rem
1010 1219 1144 1264 omnem
1166 1219 1268 1283 quam
1289 1197 1491 1264 suauissime
1515 1218 1582 1262 con·

369 1313 541 1381 diendam.
560 1313 719 1398 Denique
741 1312 793 1380 usi
811 1334 935 1380 sumus
951 1335 991 1382 ea
1007 1313 1154 1380 maxima
1170 1313 1395 1400 benignitate,
1417 1335 1516 1399 quam
1536 1313 1581 1380 lex

371 1429 544 1498 Historiae
559 1428 724 1515 permisit.
743 1430 831 1496 Nam
848 1429 1136 1514 quemadmodum
1153 1429 1187 1495 in
1205 1429 1321 1516 pretiis
1344 1442 1397 1498 est
1412 1450 1578 1498 summum.

370 1545 520 1613 medium
537 1555 572 1612 et
587 1545 756 1625 infimum,
775 1556 809 1613 et
825 1543 860 1611 in
877 1544 996 1630 poenis
1016 1545 1194 1624 seueritas,
1217 1545 1385 1629 aequitas,
1407 1543 1583 1620 clementia,

372 1663 419 1729 ita
442 1681 625 1729 censemus
644 1660 679 1725 in
707 1658 862 1726 Historia
888 1660 1002 1727 locum
1029 1661 1155 1728 habere
1182 1660 1402 1730 seueritatem
1430 1659 1583 1746 quandam

372 1797 551 1859 censurae,
567 1786 602 1843 et
615 1773 887 1842 mediocritatem
899 1787 933 1846 et
946 1775 1206 1862 benignitatem.
1221 1771 1299 1842 H'ac
1314 1787 1428 1844 autem
1442 1774 1579 1860 benigni·

373 1905 443 1960 tate
458 1913 521 1958 nos
537 1913 619 1958 usos
642 1913 717 1959 esse
742 1893 843 1972 male,
862 1893 996 1972 Patres,
1014 1913 1061 1962 ex.
1078 1913 1133 1972 eu,
1154 1893 1247 1976 quod
1268 1891 1406 1978 ipsimet
1426 1890 1582 1966 fecissent,

372 2006 565 2086 aestiment,
580 2017 780 2092 reputantes
791 2005 890 2074 nobis
903 2029 1039 2094 quoque
1054 2020 1090 2074 et
1102 2005 1345 2074 conscientiam
1359 2029 1448 2088 esse,
1459 2021 1494 2074 et
1505 2027 1582 2072 amo·

374 2145 444 2190 rem
461 2122 656 2201 Societatis,
674 2144 777 2207 quam
794 2145 815 2189 a
830 2145 886 2191 me
906 2124 1008 2192 rebus
1023 2123 1107 2208 ipsis
1128 2123 1268 2208 prolatis
1286 2122 1507 2190 demonstrari
1524 2123 1582 2188 cla·

375 2237 446 2304 rius
463 2237 582 2304 uelint.
601 2239 725 2305 Fateor
741 2237 833 2305 enim
848 2260 919 2304 non
935 2239 1081 2305 libenter
1096 2259 1159 2312 me
1167 2238 1245 2306 talia
1263 2237 1391 2324 scripto
1409 2235 1580 2306 committe-

374 2374 423 2434 re,
452 2354 532 2438 quia
552 2354 623 2420 scio
643 2375 746 2439 quam
766 2353 904 2422 difficile
924 2354 980 2434 sit,
1004 2376 1090 2442 quae
1118 2355 1329 2434 scribuntur,
1354 2354 1525 2440 prohibere
1547 2373 1581 2418 ne

376 2471 575 2556 uulgentur.
594 2471 713 2556 Itaque
730 2493 792 2537 oro
807 2482 913 2556 atque
931 2473 1076 2538 obsecro
1093 2473 1132 2538 R.
1156 2472 1198 2538 V.
1223 2484 1262 2537 ut
1284 2471 1404 2540 Patres
1425 2471 1497 2538 illos
1514 2489 1581 2534 con·

375 2585 476 2651 solari
493 2603 637 2653 conetur
651 2598 687 2652 et
702 2585 995 2672 expostulationes
1008 2586 1200 2671 prohibeat.
1215 2587 1253 2654 Si
1265 2585 1355 2654 enim
1370 2599 1520 2674 pergant,
1532 2583 1581 2649 im·

327 2777 335 2793 .
376 2693 508 2787 ponent
530 2701 630 2768 nobis
650 2701 890 2772 necessitatem
911 2702 1112 2771 consulendi
1134 2704 1224 2770 bono
1244 2703 1375 2770 nomini
1395 2703 1463 2770 Bti.
1491 2697 1581 2768 Patris
1683 2703 1684 2712 ³

376 2815 501 2904 Ignatii
515 2828 550 2883 et
567 2815 723 2898 aliorum,
742 2838 828 2903 quos
843 2839 947 2904 supra
964 2817 1152 2897 nominaui,
1169 2830 1205 2887 et
1221 2819 1332 2886 lamae
1347 2819 1387 2884 P.
1410 2813 1580 2894 Orlandini,

376 2932 435 3018 qui
451 2931 588 3020 scripsit
604 2935 703 3015 haec,
721 2943 825 3018 atque
844 2933 946 3001 etiarn
969 2954 1078 3014 meae,
1100 2933 1159 3020 qui
1179 2934 1382 3022 recognoui,
1404 2934 1463 3020 qui
1482 2928 1580 2998 iniuria

377 3049 503 3116 toleror
520 3071 540 3114 a
556 3047 732 3118 Societate
747 3049 782 3115 in
799 3051 869 3116 hoc
887 3071 1042 3130 munere,
1060 3049 1089 3116 si
1106 3049 1231 3137 spolior
1244 3051 1323 3130 fide,
1339 3063 1409 3116 tum
1422 3050 1516 3117 etiam
1528 3047 1580 3112 Pa·

377 3165 439 3231 tris
453 3165 626 3251 generalis
638 3165 773 3232 Claudii
787 3165 1006 3250 Aquauiuae,
1020 3175 1055 3232 et
1067 3166 1313 3245 assistentium,
1327 3179 1362 3234 et
1377 3166 1524 3243 aliorum,
1536 3159 1580 3246 qui
1682 3185 1683 3205 ¹

378 3283 577 3367 probarunt.
607 3280 766 3366 Denique
793 3293 829 3348 et
848 3282 1065 3350 defendenda
1089 3281 1156 3350 erit
1175 3282 1340 3349 autoritas
1360 3279 1523 3349 Historiae
1539 3291 1579 3342 to

379 3398 459 3476 tiuS,
478 3420 535 3478 ne,
552 3397 582 3464 si
598 3408 729 3482 partem
745 3397 899 3466 sinamus
915 3419 976 3484 pro
992 3397 1078 3464 falsa
1098 3398 1243 3478 traduci,
1267 3409 1338 3464 tota
1358 3399 1518 3466 habeatur
1534 3411 1582 3479 pro

379 3512 506 3593 fabula,
524 3524 559 3581 et
575 3535 630 3582 res
646 3512 834 3598 primorum
853 3515 995 3580 Patrum
1011 3525 1079 3580 tam
1095 3513 1251 3600 insignes
1271 3513 1468 3582 euilescant.
1485 3513 1579 3596 Quare
1681 3597 1682 3606 ἵ

380 3628 535 3714 cogitent
551 3651 666 3696 coram
681 3629 757 3696 Deo
773 3627 821 3695 illi
838 3631 971 3708 Patres,
989 3616 1072 3707 nurn
1090 3651 1239 3714 aequum
1260 3631 1317 3710 sit,
1335 3650 1403 3714 quo
1419 3649 1517 3695 unum
1531 3627 1580 3689 ho

380 3743 505 3812 minem
530 3745 730 3824 defendant,
761 3756 866 3812 totam
891 3744 1101 3832 prouinciam
1125 3745 1309 3813 lusitanum
1332 3745 1406 3813 eius
1433 3738 1579 3829 temporis,

381 3871 500 3944 totque
521 3859 606 3929 alios
625 3859 849 3946 grauissimos
870 3862 992 3929 Patres
1012 3862 1187 3930 damnare.
1211 3861 1378 3947 Equidem
1399 3884 1467 3930 non
1486 3855 1581 3925 dubito

381 3978 543 4063 paulatim
559 3977 652 4063 ipsos
667 3977 819 4045 dolorem
835 3975 1065 4062 mitigaturos3
1083 3989 1129 4058 et,
1149 3992 1186 4044 ut
1208 3976 1395 4047 rectissima
1409 3987 1515 4045 mente
1531 3968 1579 4036 Hi·
1680 3953 1681 3978 Ξ

382 4093 489 4160 storia
504 4093 631 4192 scripta
646 4104 710 4174 est,
730 4093 777 4159 ita
792 4093 963 4160 facturum
977 4095 1102 4175 Deum,
1117 4105 1155 4160 ut
1171 4117 1298 4181 magna
1309 4094 1385 4162 eius
1395 4092 1498 4181 gloria
1508 4087 1578 4162 inde,

381 4221 417 4276 et
433 4232 503 4276 non
519 4209 636 4276 multis
655 4207 844 4276 interiectis
863 4208 1051 4291 mensibus,
1074 4209 1176 4278 etiam
1198 4211 1385 4278 consolatio
1406 4209 1503 4298 ipsius
1520 4221 1577 4290 pro·

384 4325 518 4394 uinciae
533 4336 775 4411 consequatur.

451 4444 548 4512 Haec
564 4441 678 4509 omnia
697 4440 788 4508 dicta
808 4453 891 4509 sunt
910 4442 1051 4530 perinde
1071 4455 1174 4528 atque
1195 4442 1331 4531 integra
1349 4454 1463 4512 essent
1479 4432 1575 4506 omnia:

384 4580 464 4626 cum
480 4570 596 4626 autem
611 4557 678 4627 iam
694 4560 837 4644 vulgata
852 4558 898 4625 sit
914 4570 1047 4626 tantum
1066 4558 1230 4641 Historia,
1244 4571 1279 4628 et
1294 4559 1394 4626 nouis
1406 4549 1579 4628 editionibus

384 4697 514 4762 sparsa,
533 4674 635 4743 etiam
652 4673 816 4744 siliceret
832 4675 930 4742 salua
945 4675 1012 4743 fide
1027 4698 1102 4743 eam
1115 4675 1340 4744 narrationem
1355 4677 1479 4752 tollere,
1491 4679 1578 4736 uonnt
1678 4725 1679 4728 ,
