3500 5367
452 458 507 517 55⁰
805 504 809 513 ,
827 445 1036 501 Mouuueuu
1055 445 1238 503 lauimus

482 600 526 665 V.
544 596 726 665 cardinalis
743 597 980 684 neapolitanus
995 598 1145 685 legatus.

477 717 532 804 Jo.
553 714 682 783 Paulus
698 715 741 781 de
757 712 872 781 Thisis
887 713 1034 780 auditor.
1054 714 1148 782 Visa.

483 830 602 897 Manet
617 830 775 917 sigillum
791 830 829 894 iu
846 850 926 895 cera
942 830 1051 895 rubra
1067 830 1260 917 ltispanica.

481 948 514 1013 A
529 952 641 1033 tergo.
655 946 700 1013 A.
719 968 752 1013 c.
770 947 1037 1031 Transumptate
1051 944 1088 1011 in
1105 946 1214 1013 forma
1228 945 1301 1013 iudi
1317 958 1332 997 ⁸
1419 968 1446 1033 p.
1459 939 1581 1009 introstri-

415 1061 483 1149 ptis
498 1062 555 1128 die
574 1064 613 1129 18
630 1060 842 1149 Septembris
863 1076 960 1150 1539.
974 1062 1127 1151 Jacobus
1142 1064 1335 1148 Apocellus
1350 1076 1403 1131 est
1416 1072 1486 1129 not·

1018 1226 1055 1305 to

563 1356 813 1425 tacueras
849 1358 915 1423 An
952 1322 1210 1427 oneuuuas
1245 1356 1487 1433 urssronrs.

706 1492 909 1551 NOVUMQUE
930 1492 1106 1541 OFFICIUM
1123 1493 1361 1542 RECITANDUM

613 1608 719 1655 PATRI
741 1607 894 1655 IGNATlO
916 1609 986 1655 PRO
1003 1609 1207 1656 SOCIETATE
1221 1609 1312 1671 JESU
1327 1590 1446 1657 ΠΑΤΑι

932 1709 1016 1798 ns.
1043 1734 1112 1798 ur

486 1872 665 1959 Supplicat
680 1871 854 1941 humiliter
872 1872 1069 1940 beatissimo
1085 1874 1180 1940 Patri
1200 1874 1355 1944 Societas
1365 1877 1454 1964 Jesu,
1469 1878 1589 1955 quateuss

421 2010 484 2055 sua
511 1986 675 2055 sanctitas
702 1989 890 2055 concedere
910 1988 1074 2075 dignetur
1095 1990 1264 2076 superiori
1283 2001 1475 2078 potestatem
1493 1997 1582 2065 exprtt

422 2124 494 2171 sam
510 2101 595 2170 alios
610 2102 788 2171 inferiores
805 2104 962 2171 mittendi
977 2104 1067 2173 inter
1081 2105 1211 2173 Christi
1226 2106 1359 2187 fideles,
1382 2106 1548 2182 vbicumque
1560 2090 1588 2154 tl

423 2217 598 2305 religionis
615 2220 767 2287 fructum
782 2219 981 2306 ampliorem
998 2242 1059 2289 seu
1080 2222 1242 2291 maiorem
1262 2222 1440 2292 Societatis
1456 2204 1586 2285 commodi·

422 2342 527 2401 tatem
543 2333 703 2419 expedire
719 2334 934 2404 indicauerit.
953 2339 1004 2403 lta
1022 2348 1134 2404 tamen
1152 2348 1202 2418 ut,
1221 2337 1279 2423 qui
1295 2337 1391 2405 missi
1407 2332 1586 2406 fuerintfflffl‘

422 2471 482 2535 per
497 2448 567 2517 sint
583 2448 691 2537 parati
708 2472 749 2519 eo
765 2451 919 2533 tendere,
937 2473 1007 2537 quo
1022 2452 1197 2538 sanctitati
1212 2473 1296 2520 suae
1312 2451 1518 2521 transmittere
1529 2440 1590 2523 ἰΡ308

422 2566 601 2651 placuerit,
632 2566 727 2633 iuxta
753 2577 872 2634 votum
901 2566 1012 2635 eidem
1039 2567 1213 2635 sanctitati
1244 2590 1328 2636 suae
1358 2570 1402 2635 ab
1426 2560 1505 2634 initio
1525 2568 1588 2640 pne

422 2678 554 2748 stitum.

490 2798 587 2879 Item,
604 2807 643 2863 vt
658 2799 771 2867 valeat
785 2797 899 2866 dictus
914 2797 1072 2885 superior
1087 2798 1170 2865 noui
1184 2798 1347 2868 breuiarii
1361 2819 1455 2867 vsum
1467 2794 1477 2825 '
1490 2785 1539 2855 illis
1549 2780 1590 2844 ll·

423 2910 552 2997 pertire
567 2924 670 2998 atque
686 2912 880 3000 indulgere,
897 2912 956 2999 qui
969 2904 1186 3001 postmodum
1200 2914 1407 2983 Societatem
1418 2898 1533 2998 ingressi
1542 2894 1585 2959 lli

425 3025 492 3094 rint
507 3028 575 3110 vel,
591 3030 684 3096 iacto
697 3028 864 3097 castitatis
875 3039 911 3096 et
923 3030 1134 3117 paupertatis
1145 3041 1239 3111 voto,
1253 3031 1391 3117 ingredi
1401 3008 1588 3118 proposutslll

424 3144 563 3226 quando
590 3154 625 3213 et
651 3154 822 3229 quatenus
842 3146 887 3211 ad
906 3144 1117 3231 spiritualem
1137 3146 1331 3232 proiectum
1352 3133 1532 3213 commodius
1545 3122 1591 3187 lli

427 3260 643 3344 cognouerit.
858 3349 862 3358 ¹

496 3376 533 3445 S.
554 3376 597 3441 D.
616 3376 661 3443 N.
681 3377 768 3456 PP.‚
786 3397 841 3442 me
857 3386 1009 3463 petente,
1027 3375 1210 3443 concessit.

497 3494 538 3558 Β.
557 3490 738 3559 cardinalis
754 3492 996 3561 G'uidicionus.

496 3609 527 3673 A
545 3612 653 3693 tergo,
669 3608 817 3673 Polanci
832 3630 951 3674 manu.
971 3610 999 3674 F
999 3609 1132 3675 acuitas
1147 3608 1302 3696 generali
1317 3610 1397 3676 data
1417 3604 1454 3674 ad
1469 3582 1596 3662 mlffil⁰¹¹⁸⁵

431 3723 648 3791 subditorum
664 3734 699 3790 et
715 3724 760 3789 ad
776 3744 905 3790 nouum
921 3721 1085 3790 officium.

497 3840 579 3907 Atia
594 3861 715 3907 manu.
735 3839 836 3907 Circa
851 3862 981 3907 annum
1002 3856 1099 3925 1542.

497 3958 542 4022 Et
556 3957 641 4026 alia.
664 3970 747 4042 1543
764 3956 911 4025 circiter.

496 4074 651 4159 Antiqua
667 4058 869 4161 signatura.
888 4075 933 4140 D.
953 4076 1033 4141 XX.
1052 4092 1084 4141 2.

434 4222 646 4237 m

484 4314 499 4353 r
538 4298 612 4371 Legi
623 4316 684 4353 non
694 4302 820 4371 possunt
833 4298 962 4354 ultimae
975 4298 1098 4355 litterae
1108 4298 1201 4371 hujus
1213 4299 1307 4359 verbi.

487 4500 495 4533 ¹
534 4498 577 4553 Ex
591 4495 727 4569 originali
740 4496 771 4553 in
783 4498 848 4554 cot.
862 4498 951 4554 Rom.
968 4498 1012 4563 ΙΙ,
1031 4516 1061 4556 n.
1080 4500 1203 4571 XLVII,
1221 4500 1309 4557 unico
1327 4498 1407 4569 tolio,
1424 4482 1497 4552 terllt
1509 4451 1596 4526 im

434 4593 518 4659 parte
532 4586 646 4642 mutilo.

484 4678 496 4713 '
532 4677 696 4733 Videantur
708 4677 814 4733 Saucti
827 4678 979 4751 Ignatii...
996 4680 1160 4753 Epistulae,
1171 4680 1196 4752 1,
1209 4678 1276 4752 395.
