3500 5367
447 470 636 527 Coormrro
654 469 686 525 S.
707 470 828 527 lonarn
847 482 881 525 m
898 480 1045 527 somus.
1065 469 1181 525 seran.
1201 465 1233 521 S.
1371 478 1424 536 555

218 644 361 709 cunque
376 634 586 705 contractae,
605 644 645 690 ac
663 622 789 705 vsuriS,
803 622 943 710 rapinis,
960 620 1129 690 incendiis
1145 630 1280 709 praeter
1295 617 1465 687 ecclesia-

221 762 298 807 rum
315 738 473 807 incendia
495 739 628 806 damnis
650 740 740 806 datis
760 750 795 807 et
823 739 899 806 aliis
926 740 1029 808 rebus
1055 739 1143 804 male
1170 735 1358 822 acquisitis
1377 734 1407 802 si
1423 737 1465 804 hi

221 854 348 941 quibus
366 855 537 923 restitutio
565 854 639 923 fieri
656 856 797 924 deberet
818 855 1024 941 ignorantur
1047 855 1102 923 vel
1120 851 1266 920 inueniri
1287 875 1357 920 non
1378 872 1459 938 pos-

221 981 311 1051 sent,
326 993 367 1038 ac
382 972 426 1038 de
442 972 497 1037 his
514 992 602 1056 quae
617 969 816 1038 indistincte
832 973 875 1037 ad
892 970 968 1057 pios
984 992 1067 1038 rsus
1082 969 1326 1056 relinquuntur
1341 970 1385 1037 de
1402 990 1462 1035 re-

215 1088 477 1173 demptionibus
507 1098 668 1154 votorum
697 1085 997 1175 (hierosolimitano
1027 1087 1195 1153 duntaxat
1226 1086 1387 1171 excepto)
1414 1088 1463 1153 de

220 1202 422 1271 iuramentis
436 1180 565 1271 temere
580 1202 758 1269 attentatis
779 1214 813 1271 et
834 1202 1030 1269 diuinorum
1052 1202 1241 1269 officiorum
1262 1199 1458 1267 omissioni-

211 1320 289 1386 -bus
305 1340 345 1386 ac
361 1318 534 1385 nonnullis
561 1318 636 1385 aliis
652 1319 790 1385 casibus
806 1340 1013 1405 componere
1039 1329 1074 1385 et
1094 1318 1130 1385 in
1156 1340 1240 1384 vsus
1267 1337 1458 1403 pauperum

221 1434 305 1501 dicti
323 1435 512 1520 Hospitalis
528 1446 733 1502 conuertere
749 1445 784 1501 et
805 1434 879 1501 aliis
900 1434 1039 1502 casibus
1059 1432 1254 1521 specialiter
1275 1432 1332 1497 vel
1353 1454 1459 1518 gene·

223 1550 340 1616 taliter
355 1551 510 1616 Romano
530 1550 687 1617 Pontifici
703 1552 758 1616 vel
774 1550 848 1619 sedi
869 1550 1077 1637 apostolicae
1098 1550 1326 1635 quouismodo
1347 1568 1462 1614 reser-

222 1666 326 1745 uatiS,
346 1676 380 1733 et
397 1676 534 1751 propter
551 1688 640 1751 quae
656 1667 729 1752 ipsa
746 1669 845 1735 sedes
861 1666 984 1733 merito
1001 1676 1092 1733 esset
1110 1665 1323 1732 consulenda
1345 1665 1458 1751 (prae-

223 1792 379 1865 terquam
396 1782 560 1862 haeresis,
575 1781 783 1862 rebellionis
802 1795 861 1849 aut
873 1780 1135 1867 conspirationis
1150 1781 1186 1848 in
1204 1802 1385 1867 personam
1402 1782 1461 1846 vel

201 1906 351 1963 statum
369 1897 512 1963 Romani
531 1897 708 1964 Pontificis
728 1899 783 1966 vel
800 1898 892 1967 sedis
912 1898 1132 1985 apostolicae,
1151 1908 1186 1963 et
1207 1894 1358 1963 offensae
1378 1916 1458 1981 per-

222 2011 351 2079 sonalis
365 2012 401 2079 in
413 2015 451 2081 S.
467 2014 508 2079 R.
524 2015 564 2079 E.
578 2014 698 2094 Card,
713 2014 962 2095 Patriarcham,
977 2013 1298 2099 Archiepiscopum,
1314 2011 1462 2097 Episco-¹

222 2148 319 2213 pum,
334 2148 373 2195 ac
394 2128 679 2213 presbytericidii‚
703 2140 738 2197 et
766 2130 868 2197 etiam
897 2130 933 2196 in
957 2130 1076 2197 mortis
1103 2114 1248 2195 articulo
1270 2126 1457 2213 plenariam

224 2242 381 2335 omnium
400 2255 618 2329 peccatorum
639 2266 791 2325 suorum,
815 2245 918 2314 etiam
938 2258 1159 2331 exceptorum
1183 2242 1379 2311 huiusmodi
1401 2264 1451 2309 re·

223 2359 420 2426 missionem
436 2360 632 2446 impendere
648 2361 769 2447 possit,
788 2360 835 2427 ita
848 2382 882 2447 q.
901 2360 929 2428 si
946 2374 1029 2428 tunc
1045 2383 1114 2427 non
1142 2360 1266 2428 obierit
1294 2358 1459 2446 quotiens

223 2474 260 2540 in
276 2475 335 2541 tali
351 2496 433 2542 casu
450 2475 658 2542 constitutus
674 2476 776 2543 suerit
791 2476 883 2544 illam
901 2476 1063 2545 reiterare
1075 2476 1182 2563 possit
1198 2476 1288 2543 idem
1302 2476 1359 2543 vel
1369 2474 1460 2541 alius

223 2591 400 2657 confessor
415 2589 464 2657 sic
480 2591 621 2658 electus,
642 2594 678 2657 In
695 2592 769 2658 aliis
784 2614 867 2660 vero
882 2592 1020 2658 casibus
1036 2592 1162 2659 totiens
1177 2591 1338 2675 quotiens
1354 2612 1451 2676 opor·-

224 2716 346 2771 tunum
359 2705 461 2773 fuerit
477 2706 691 2773 confessione
706 2706 859 2775 eiusdem
876 2708 1005 2788 audita,
1023 2708 1171 2773 eundem
1195 2707 1375 2773 absoluere
1393 2726 1459 2771 va·

224 2821 306 2901 leat,
324 2832 366 2905 et,
375 2820 619 2907 paenitentiam
636 2822 683 2887 illi
700 2822 882 2909 iniungere
900 2824 1096 2892 salutarem.

295 2938 471 3003 Concessio
486 2937 706 3029 sepultnr[n]e
721 2945 868 3023 tempore
888 2938 1297 3023 interdicti-Quodque
1317 2936 1345 3003 si
1367 2946 1459 3003 tem-

224 3073 306 3139 pore
322 3052 543 3121 ecclesiastici
559 3052 730 3120 interdicti
746 3054 870 3139 quouis
891 3055 992 3121 modo
1011 3037 1113 3121 etiam
1131 3075 1151 3120 a
1170 3055 1253 3122 sede
1269 3051 1459 3139 apostolica

224 3166 374 3255 impositi
390 3168 580 3235 confratres
595 3180 733 3236 nostros
749 3171 785 3237 S.
801 3168 948 3256 Spiritus
959 3170 1126 3238 decedere
1139 3168 1340 3256 contigerit,
1353 3168 1457 3233 dum-

221 3284 324 3351 modo
340 3306 478 3353 causam
495 3306 566 3351 non
578 3286 735 3374 dederint
750 3285 943 3369 interdicto,
958 3307 1100 3373 corpora
1115 3308 1234 3353 eorum
1247 3286 1427 3370 utriusque
1443 3297 1460 3325 ²

220 3420 326 3468 sexus
344 3400 596 3469 ecclesiasticae
617 3404 813 3489 sepulturae
834 3403 922 3469 tradi
942 3404 1090 3471 debeant
1110 3406 1241 3490 absque
1266 3414 1378 3470 tamen
1402 3403 1458 3469 fu·.

220 3515 313 3582 neris
328 3536 467 3603 pompa.

285 3632 459 3699 Absolutio
470 3636 563 3719 plen.
581 3636 737 3722 singulis
757 3637 862 3701 annis
884 3636 922 3701 in
942 3637 1096 3701 crastino
1115 3636 1462 3705 Penlltecostes.-Et

220 3747 365 3833 quilibet
380 3770 498 3817 eorum
513 3760 625 3835 potest
640 3749 785 3837 singulis
798 3750 896 3819 annis
912 3749 948 3818 in
960 3751 1110 3819 crastino
1122 3753 1368 3837 penthecostes
1381 3750 1457 3818 ido-

222 3886 328 3933 neum
344 3864 409 3931 sibi
426 3865 554 3952 eligere
582 3868 825 3946 confessorem,
850 3866 908 3952 qui
935 3868 1011 3935 eius
1033 3868 1250 3935 confessione
1273 3867 1457 3953 diligenter

222 3980 353 4061 audita,
371 3980 466 4046 illum
483 4004 502 4047 a
523 3981 661 4068 casibus
676 3982 749 4048 sedi
766 3983 973 4069 apostolicae
988 3981 1172 4051 reseruatis
1190 3994 1427 4069 praeterquam
1443 3981 1463 4023 ¹>

222 4094 382 4183 superius
396 4098 576 4183 expressis)
593 4098 779 4183 apostolica
794 4099 979 4166 autoritate
995 4100 1173 4166 absoluere
1190 4100 1313 4179 valeat,
1331 4109 1366 4165 et
1382 4098 1457 4165 cui-

223 4210 308 4281 libet
323 4232 442 4279 eorum
460 4212 680 4299 penitentiam
698 4214 880 4303 iniungere
896 4217 1094 4285 salutarem.

290 4329 345 4421 De
364 4330 577 4395 concessione
597 4331 721 4395 altaris
736 4332 913 4416 portatilis
932 4334 1035 4397 etiam
1052 4338 1200 4417 tempore
1222 4332 1460 4401 interdicti.—

222 4444 268 4509 Et
284 4443 423 4530 insuper
439 4446 545 4514 altare
563 4446 719 4532 portatile
735 4468 813 4514 cum
835 4447 959 4514 debitis
975 4448 1169 4515 reuerentia
1189 4458 1224 4514 et
1244 4451 1376 4515 honore
1397 4468 1459 4513 su-

278 4712 293 4739 a
329 4696 500 4770 utriusquae
514 4699 629 4773 origin.
670 4702 719 4743 -b
738 4707 962 4772 praeterquaem
974 4702 1089 4775 origin.
