3500 5367
788 494 974 549 Parasino
1429 506 1460 561 15

264 673 441 739 puzcoano
458 649 545 738 regii
562 648 650 735 juris
671 649 856 735 praefect0,
880 646 1041 713 exhibitis
1061 646 1259 733 apostolicis
1279 646 1414 726 litteris,
1435 669 1496 714 ne·

261 770 423 855 gabatur‚
447 766 594 851 ideoque
615 763 658 832 ad
679 786 780 831 suum
802 764 953 830 tribunal
968 762 1153 849 Ignatium,
1172 762 1232 848 qui
1255 764 1496 849 Pampelonem

260 886 481 970 confugerat,
500 882 699 951 revocabat.

330 1000 515 1069 Caeterum
531 1020 619 1085 quae
631 997 773 1065 crimina
785 996 920 1083 Ignatio
932 996 1165 1097 objicerentur
1177 1006 1237 1062 aut
1249 997 1407 1081 quisnam
1419 999 1497 1063 sue-

265 1115 308 1181 rit
323 1115 468 1199 hujusce
484 1121 609 1182 'causae
624 1112 756 1191 exitus,
776 1110 989 1199 ignoramus:
1013 1132 1102 1196 quae
1124 1110 1215 1179 enim
1239 1113 1352 1177 lucem
1377 1114 1498 1181 afferre

263 1243 406 1316 possent
420 1230 672 1299 desiderantur.

333 1346 595 1433 Pampelonensi
607 1344 738 1430 judicio
756 1344 863 1410 multo
879 1343 1031 1412 notiores
1046 1355 1127 1409 sunt
1143 1362 1325 1429 processus
1342 1345 1497 1430 complu-

264 1474 393 1545 tenseS,
411 1482 557 1546 quorum
571 1462 660 1527 fama
672 1461 779 1546 longe
791 1460 927 1544 lateque
940 1470 1128 1545 pervagata
1140 1468 1206 1540 est,
1220 1478 1366 1543 quorum
1380 1480 1498 1526 omnes

264 1578 461 1663 ignatianae
477 1576 569 1644 vitae
585 1576 768 1662 scriptores
785 1575 994 1643 mentionem
1011 1574 1155 1640 faciunt.
1175 1576 1285 1641 Nemo
1307 1585 1421 1642 tamen
1441 1574 1499 1639 illa

266 1705 343 1759 acta
360 1692 395 1758 in
411 1694 524 1759 lucem
541 1692 729 1778 protulerat
744 1701 825 1758 ante
840 1689 1016 1757 dominum
1034 1690 1183 1757 Serrano
1200 1700 1235 1755 et
1251 1690 1354 1768 Sanz,
1374 1689 1433 1775 qui
1456 1712 1499 1757 ex

267 1800 554 1895 apographo'non
570 1806 700 1893 optimo
721 1804 827 1873 edidit
849 1806 888 1886 .¹¹,
907 1815 942 1873 et
964 1808 1101 1872 Patrem
1122 1803 1211 1887 Fita,
1230 1804 1289 1889 qui
1305 1804 1500 1871 accuratius

264 1925 402 2010 integra
425 1923 486 1989 illa
516 1922 743 1989 instrumenta
773 1920 901 2006 publici
923 1920 1013 2005 juris
1040 1919 1122 1989 lecit
1149 1919 1501 2008 annotationibusque

266 2014 454 2106 illustravit·
465 2041 501 2104 Ἰ.
518 2039 645 2106 Eadem
660 2058 735 2117 noe,
747 2036 894 2103 maxima
906 2055 973 2120 qua
985 2037 1174 2123 poterimus
1186 2033 1378 2120 diligentia,
1392 2040 1500 2107 eden-

265 2156 311 2220 da
326 2154 544 2240 suscipimus,
562 2156 653 2219 facta
668 2152 826 2219 codicum
843 2152 992 2219 melioris
1008 2163 1110 2218 notae
1126 2161 1286 2218 accurata
1303 2151 1496 2224 collatione.

225 2356 231 2363 ι
269 2273 377 2337 Porro
399 2271 486 2339 haec
506 2282 582 2337 acta
606 2268 792 2354 judicialia,
816 2269 1008 2353 etquidem
1031 2268 1178 2354 integra,
1201 2264 1319 2352 magni
1342 2270 1501 2339 ducenda

267 2408 344 2452 esse
360 2387 404 2451 ab
421 2385 545 2472 Ignatii
561 2384 726 2453 studiosis
742 2406 803 2470 pro
819 2394 994 2470 comperto
1010 2384 1189 2463 habemuS,
1208 2408 1318 2470 eaque
1333 2386 1393 2453 diu
1405 2389 1500 2453 effla-

268 2500 383 2588 gitari;
402 2522 509 2586 quare
524 2500 609 2567 nihil
624 2513 676 2567 est
693 2522 755 2567 cur
775 2500 810 2565 in
833 2521 952 2566 eorum
973 2484 1307 2567 commendationem
1329 2503 1427 2589 plura
1447 2501 1501 2569 di-

267 2640 398 2685 camus

336 2734 413 2813 His,
432 2734 467 2801 in
484 2732 651 2819 Hispania
666 2732 846 2812 confectis,
865 2730 930 2797 alia
948 2730 1162 2797 annectimus
1175 2730 1414 2815 instrumenta,
1431 2736 1501 2802 Ve-

269 2849 369 2915 neriis
386 2860 421 2917 et
437 2851 565 2916 Romae
585 2847 735 2926 condita,
761 2846 1018 2930 sententiasque
1034 2846 1203 2931 judicum,
1229 2847 1354 2931 quibus
1378 2849 1501 2935 Ignatii

268 2988 308 3031 ac
325 2966 498 3031 sociorum
514 2962 801 3048 ejus-innocentia
822 2961 1027 3027 vindicatur.
1053 2964 1161 3028 Porro
1176 2963 1220 3029 de
1237 2962 1362 3044 causis,
1380 2975 1502 3030 contra

268 3080 452 3167 Ignatium,
467 3092 544 3165 post
560 3078 666 3165 ipsius
683 3079 725 3144 ad
739 3077 916 3144 Christum
933 3077 1190 3144 conversionem
1209 3076 1387 3158 institutiS,
1402 3101 1500 3147 men-

270 3197 395 3265 tionem
418 3196 507 3263 idem
530 3194 610 3261 facit
631 3193 752 3260 litteris
774 3208 810 3276 15
830 3192 943 3259 Martii
964 3209 1046 3277 1545
1064 3194 1107 3258 ad
1126 3196 1295 3280 Joannem
1321 3195 1377 3272 ΙΙΙ,
1400 3196 1502 3262 Lusi-

270 3312 382 3379 taniae
398 3332 528 3397 regem,
546 3308 635 3376 datis
656 3310 692 3377 ¹⁴.

334 3427 505 3513 Denique,
523 3439 563 3493 ut
580 3436 879 3493 monumentorum
892 3426 997 3509 hujus
1009 3423 1194 3491 voluminis
1209 3425 1500 3495 enumerationem

268 3543 499 3622 absolvamus
517 3543 561 3607 ad
575 3552 762 3609 extremam
779 3538 869 3607 illius
886 3549 1015 3625 partem
1038 3538 1212 3624 rejicimus
1233 3540 1340 3621 varia,
1363 3543 1502 3608 eadem-

269 3680 337 3742 que
363 3657 532 3731 breviora.
555 3658 600 3723 ad
628 3656 799 3743 Ignatium
828 3654 1030 3741 spectantia,
1049 3667 1283 3735 monumenta,
1302 3677 1390 3740 quae
1411 3656 1502 3723 illius

269 3774 384 3855 vitam,
399 3772 520 3859 partim
538 3770 812 3841 ante‘Societatis
824 3770 1086 3849 institutionem,
1102 3771 1224 3857 partim
1237 3784 1316 3858 post
1327 3771 1500 3839 conditam

268 3890 487 3968 Societatem,
507 3887 709 3986 respiciunt:⁴
724 3888 892 3973 quaedam
909 3886 1011 3952 etiam
1032 3887 1076 3952 ad
1092 3885 1216 3971 ipsum,
1236 3889 1295 3954 sed
1313 3898 1391 3974 post
1407 3889 1502 3973 ejus·

269 4006 344 4070 dem
360 4004 505 4087 obitum,
525 4004 704 4071 referenda
720 4014 811 4068 sunt.
831 4004 967 4068 Horum
984 4002 1179 4088 catalogum
1199 4003 1254 4068 hic
1270 4013 1424 4071 attexere
1441 4026 1494 4069 su-

263 4268 265 4273 ’
313 4273 333 4305 ¹²
371 4271 436 4327 San
449 4272 576 4345 Ignaaio
589 4272 625 4325 da
640 4269 749 4340 Loyola
762 4287 799 4324 aa
813 4268 923 4323 Alcairi
936 4269 972 4321 de
985 4268 1135 4323 Honores.
1147 4267 1271 4324 Estudio
1292 4268 1432 4325 histdrico
1450 4286 1504 4341 por

269 4360 306 4413 II.
322 4360 474 4415 Suanauo
486 4372 508 4414 v
521 4360 618 4415 Snnz.
634 4358 758 4429 Madrid,
775 4356 853 4429 1895.

311 4452 332 4483 '³
370 4450 457 4520 FITA,
476 4448 531 4503 Los
542 4452 604 4504 tras
614 4451 752 4519 proceros
764 4449 800 4503 de
812 4446 880 4503 San
894 4447 1023 4520 [garario
1036 4448 1072 4500 de
1088 4446 1197 4516 Loyoia
1210 4464 1247 4501 aa
1264 4447 1373 4502 Alcalri
1390 4449 1426 4503 de
1443 4448 1503 4502 He·

267 4557 365 4595 naras.
392 4538 518 4595 Estudio
542 4538 816 4596 critico-Boletos
842 4538 879 4592 da
902 4537 933 4591 la
957 4537 1032 4592 Reai
1051 4536 1216 4591 Academia
1240 4537 1276 4591 da
1298 4537 1330 4591 la
1348 4537 1502 4602 Historia,

267 4636 287 4681 t.
303 4628 441 4700 XXXIII,
454 4644 537 4700 pags.
557 4626 687 4696 aza-461.
703 4626 826 4694 Madrid,
844 4624 923 4696 1898.
950 4677 956 4688 ,

309 4718 333 4753 ¹³
370 4717 476 4773 Sancti
489 4716 642 4791 Ignatii...
657 4716 811 4789 epistolae,
826 4715 850 4783 I,
866 4715 998 4785 296-297.
