3500 5367
683 487 692 501 ,
760 408 967 467 Masonem
987 414 1165 469 lassu-mss

934 622 984 701 37

553 752 823 822 PROCESSUS
846 752 1206 822 COMPLUTENSIS
1232 752 1373 821 PRIOR

596 887 742 936 conrnn
766 884 949 937 restrum
974 888 1139 951 szspun
1162 888 1291 938 soc1os
1317 871 1326 902 ¹

446 1023 624 1099 [aquiritur
636 1026 671 1082 in
683 1027 780 1083 vitam
794 1031 822 1083 et
833 1027 1008 1083 doctrinam
1021 1027 1079 1085 Sti.
1095 1027 1369 1101 ignatii-Testes
1382 1028 1479 1084 vocati

658 1116 1064 1193 interrogantur.-Jadicis
1075 1118 1225 1172 sententia
1238 1134 1264 1173 π.

413 1264 467 1329 En
483 1262 516 1329 ln
531 1260 611 1328 villa
626 1260 663 1326 d'
680 1260 801 1328 Ateals
817 1262 861 1329 de
877 1262 1049 1343 HenareS,
1063 1262 1172 1329 tdiez
1187 1284 1210 1348 y
1226 1284 1339 1329 nueve
1351 1264 1425 1327 dias
1435 1262 1491 1327 del
1504 1282 1570 1327 mes

359 1550 361 1555 ,
401 1510 416 1538 ²
451 1493 511 1550 Hic
523 1492 630 1548 titulus
641 1493 708 1549 alia
721 1511 818 1549 mann
831 1495 956 1549 additas
968 1500 1022 1550 est:
1035 1496 1058 1564 †
1070 1495 1105 1549 El
1118 1494 1247 1550 Proceso
1259 1493 1383 1565 origine}
1396 1512 1416 1565 y
1428 1510 1468 1549 un
1479 1493 1569 1565 pleptv

348 1602 368 1657 y
382 1599 508 1639 examen
520 1580 558 1637 de
572 1583 599 1638 la
612 1581 680 1637 vids
693 1579 730 1636 de
744 1590 865 1638 nuestro
879 1590 964 1639 santo
978 1582 1073 1639 Psdre
1085 1600 1143 1656 que
1156 1600 1190 1639 se
1209 1582 1275 1638 hino
1292 1601 1330 1639 en
1349 1583 1461 1638 Alceli.
1478 1581 1566 1637 Archi·

348 1688 396 1729 uo.
412 1672 521 1741 Quoad
532 1672 657 1726 modam
669 1671 819 1727 scribendi
827 1672 969 1743 plurima
980 1671 1071 1744 bajus
1087 1671 1278 1728 monumenti
1288 1673 1393 1741 verba,
1403 1672 1483 1727 banc
1490 1688 1569 1745 regu·

349 1762 412 1817 lam
426 1758 628 1817 servavimus:
641 1760 755 1831 quoties
766 1760 939 1834 reperimus
951 1779 1046 1830 voces,
1058 1779 1135 1834 quae
1147 1766 1244 1835 snpra
1257 1761 1378 1817 litteras
1389 1776 1418 1815 m
1437 1759 1485 1815 vel
1502 1776 1521 1814 n
1538 1759 1568 1812 li·

350 1866 440 1906 neam
452 1848 608 1914 habebant,
621 1849 676 1903 bas
693 1848 814 1904 litteras
833 1850 1026 1918 iteravimus;
1043 1851 1088 1907 sic
1104 1850 1274 1923 aliquanda
1293 1851 1464 1907 scribimus:
1485 1848 1568 1914 snm,

350 1943 507 2009 ctmmnrn,
521 1946 656 2008 tommnr,
670 1938 787 2010 Innigo,
800 1942 854 1995 etc.
869 1939 987 1995 Nomen
998 1939 1127 1996 Cineres
1139 1940 1236 1994 tribus
1251 1940 1383 1996 diversis
1398 1938 1494 1994 enodis
1507 1937 1569 1994 solet

350 2028 454 2093 scribi,
468 2045 624 2099 narsqnam
637 2030 739 2083 tamen
753 2032 841 2093 recte,
855 2029 921 2085 soil,
934 2028 1056 2099 Caeres,
1066 2029 1187 2100 Capres,
1200 2034 1229 2085 st
1241 2026 1351 2099 Cacres
1363 2046 1429 2084 cam
1441 2027 1519 2083 lineo
1529 2042 1569 2081 su·

349 2123 404 2188 per
417 2119 522 2184 dacta‚·
533 2117 655 2187 quando
671 2116 725 2171 ltoc
739 2121 893 2189 postremo
910 2119 999 2173 modo
1017 2118 1182 2189 reperitur,
1200 2136 1255 2173 nos
1271 2116 1431 2173 scribimus
1445 2116 1567 2186 Ctperes.

352 2207 390 2261 ln
402 2222 458 2262 ms.
472 2205 565 2261 etiam
578 2206 746 2275 bliqanndo
759 2224 778 2261 n
788 2210 849 2278 pro
862 2210 881 2260 11
894 2210 1076 2278 usurpatur,
1083 2205 1171 2279 forte
1187 2208 1272 2263 adest
1288 2207 1393 2279 lapsas
1409 2204 1518 2261 colam
1531 2204 1572 2258 erl

351 2300 394 2353 est
406 2294 566 2350 oblivionis
582 2292 719 2365 effectus.
737 2294 826 2350 Hunc
842 2294 992 2368 defectum
1009 2296 1249 2363 emendavimvs;
1260 2294 1360 2366 sicque
1373 2294 1525 2351 scribimus
1533 2310 1569 2347 re·
1599 2345 1604 2351 .

352 2387 411 2456 nia,
422 2388 565 2453 eusebes,
575 2380 713 2455 quamvis
725 2385 872 2456 scriptam
884 2384 926 2440 sit
937 2387 1027 2457 rente,
1041 2401 1182 2440 ensenen.
1194 2383 1324 2439 Nullam
1335 2384 1432 2439 aliam
1446 2383 1569 2438 maan-

354 2491 421 2529 nsm
429 2471 572 2546 fecimus.

406 2563 443 2618 In
456 2560 714 2627 annotationibus,
729 2562 886 2617 brevitatis
897 2579 999 2627 caasa,
1013 2561 1183 2636 exemptum
1196 2562 1322 2618 Archivi
1337 2562 1473 2617 historici
1488 2558 1570 2614 ratio

355 2653 437 2708 natis
448 2652 650 2719 matritensis,
662 2652 699 2707 ds
711 2667 769 2723 quo
782 2668 881 2707 sermo
893 2656 936 2707 est
948 2652 981 2706 in
995 2655 1100 2707 annot.
1115 2664 1143 2720 t,
1156 2654 1337 2707 nominatur
1350 2653 1438 2706 nult.»

409 2858 417 2891 ¹
457 2859 503 2915 Ex
516 2856 638 2931 antiquo
651 2858 789 2929 exemplo
801 2856 833 2913 in
848 2855 921 2913 Coa.
935 2856 1060 2915 Matrit.
1084 2858 1116 2915 V.
1130 2855 1207 2912 Vide
1227 2874 1326 2930 supra,
1339 2874 1424 2929 pegs.
1444 2869 1476 2925 27
1490 2864 1518 2910 et
1533 2852 1571 2917 nb,

356 2946 443 3019 hujus
458 2944 641 3003 monumenti
654 2944 894 3018 descriptionem.
909 2946 1055 3017 Quemvis
1067 2945 1109 3001 ibi
1123 2946 1284 3001 «Processo
1300 2944 1444 3017 originali
1460 2941 1571 3001 namins

356 3044 414 3108 tur,
425 3045 525 3093 temen
534 3034 652 3091 videtur
661 3036 830 3107 exemplum
840 3035 1003 3108 antiquitus
1013 3035 1194 3107 exscriptum
1207 3034 1374 3091 nPatribus
1386 3033 1500 3106 collegii
1507 3046 1572 3088 oon·

356 3126 510 3198 plutensis,
525 3123 602 3180 torte
614 3123 700 3179 initio
711 3123 871 3179 creationis
884 3123 971 3195 hujus
985 3123 1113 3196 collegii,
1129 3140 1197 3179 num
1211 3124 1242 3179 in
1253 3124 1384 3194 collegio
1396 3119 1573 3197 complutensi

358 3216 541 3281 servabatur,
557 3220 588 3267 et
600 3228 638 3267 ex
650 3213 702 3268 illo
715 3214 884 3285 apographo
895 3211 1103 3285 compendium
1116 3230 1133 3267 a
1145 3214 1261 3283 Jonnne
1272 3212 1311 3268 de
1329 3214 1526 3283 Quinternsys
1540 3207 1573 3262 te·

357 3314 438 3360 ctum
450 3302 507 3358 tuit
522 3314 555 3370 19
568 3300 697 3371 Augusti
707 3301 776 3386 anni
789 3300 869 3357 1613.
881 3300 1076 3357 praecedenti
1085 3300 1256 3373 adjungitur
1265 3303 1437 3374 exemptum
1446 3302 1576 3357 ehnscts

359 3390 440 3447 ribus
454 3390 548 3461 magis
560 3389 724 3463 perspicuis
737 3398 904 3461 exaratum,
916 3389 954 3445 de
966 3406 1025 3464 quo
1038 3389 1111 3446 nihil
1124 3389 1282 3446 dicendum
1295 3390 1508 3457 existimamus,
1518 3403 1573 3442 mn

360 3478 565 3553 imperfectum
579 3478 666 3534 valde
679 3487 736 3536 est.
751 3477 841 3534 Aliud
855 3486 954 3534 exstat
966 3480 1134 3551 exemplum
1145 3478 1175 3535 in
1189 3478 1321 3534 Archino
1332 3478 1481 3535 Historino
1490 3474 1574 3532 Netin

360 3570 420 3627 nali
437 3568 602 3624 matritensi
620 3567 765 3637 (Archino
777 3567 928 3624 Histbrico
941 3566 1094 3624 Nscionnl.
1109 3568 1251 3641 «Pnpeles
1267 3567 1305 3624 de
1322 3570 1456 3640 Jesuttas
1471 3567 1502 3623 be
1513 3566 1573 3620 Am·

360 3664 450 3731 gbn»,
460 3658 520 3729 leg.
534 3655 575 3729 13,
587 3676 617 3713 n.
631 3658 672 3728 7),
681 3656 792 3713 iactum
805 3674 822 3713 s
834 3658 932 3713 scriba
945 3658 1064 3729 publico
1073 3664 1105 3712 et
1113 3655 1275 3729 apostolico
1285 3657 1444 3714 Francisco
1452 3656 1575 3713 sintne

360 3749 398 3805 de
412 3747 538 3805 Snlcedo
549 3746 598 3803 die
616 3760 651 3801 22
669 3747 798 3818 Augusti
815 3747 884 3803 anni
899 3760 978 3817 1724.
993 3747 1138 3818 Quemvis
1154 3755 1268 3803 asseret
1282 3746 1333 3802 hic
1348 3746 1457 3803 scriba:
1476 3752 1574 3801 «...este

361 3835 489 3895 traslsdo
506 3852 540 3891 es
556 3833 679 3908 copiado
697 3834 767 3891 bien
784 3853 804 3907 y
822 3834 973 3891 belmente
985 3834 1033 3891 del
1046 3852 1105 3909 que
1123 3838 1187 3892 esti
1200 3834 1393 3902 authorimdo,
1402 3828 1574 3908 porJusnbe

361 3925 568 4000 Quintamain,
582 3925 695 3981 notario
708 3942 765 3997 que
778 3923 829 3981 ine
842 3924 891 3980 del
904 3942 958 3995 rey
975 3932 1097 3981 nuestro
1109 3929 1241 3995 sedans,
1257 3942 1292 3981 su
1308 3924 1395 3980 techa
1415 3936 1447 3996 19
1464 3922 1521 3979 dies
1535 3917 1576 3973 dei

362 4033 425 4073 mes
437 4014 475 4071 de
489 4014 603 4086 Agnsto
617 4012 655 4069 de
670 4012 803 4086 1613...n,
816 4022 915 4069 tamen
928 4014 1041 4087 aliquot
1052 4013 1186 4070 continet
1198 4015 1407 4087 paragraphus,
1418 4011 1467 4085 qui
1475 4012 1574 4068 intren·

362 4104 531 4177 scriptione,
546 4120 623 4160 enno
638 4102 708 4159 1613
724 4103 813 4172 tacta,
827 4104 1014 4175 omittuntur,
1026 4104 1164 4177 quemvis
1175 4104 1238 4172 alii,
1250 4104 1302 4177 qui
1315 4102 1346 4159 in
1358 4120 1414 4159 ms.
1427 4109 1520 4159 nostm
1535 4100 1575 4153 be·

362 4196 481 4265 beatur,
495 4192 526 4249 in
539 4192 590 4249 illo
599 4191 814 4249 desiderentur.
826 4191 1011 4249 Boliendiani
1020 4192 1124 4249 Patres
1134 4192 1303 4265 exemplum
1311 4182 1574 4260 habentetimaet

363 4282 584 4355 incompletum,
599 4283 653 4336 abs
665 4281 756 4337 dubio
769 4299 806 4336 ex
824 4282 993 4353 apographo
1006 4282 1127 4352 Jonnnis
1139 4280 1178 4337 de
1189 4280 1395 4354 Quintnmuyn
1405 4279 1577 4351 dampnat

363 4380 473 4428 namet
487 4370 530 4427 illi
543 4370 616 4427 satis
628 4378 765 4427 accurate
776 4370 947 4442 respondet,
962 4378 993 4426 et
1006 4377 1159 4442 praeterea
1168 4370 1301 4428 continet
1313 4369 1512 4443 compendium
1520 4364 1576 4421 Prn

364 4478 504 4519 cessuum
517 4462 556 4517 nb
568 4462 623 4517 hoc
636 4461 733 4517 scriba
745 4458 868 4518 factum.

420 4550 503 4607 Haec
514 4550 595 4607 dicta
608 4550 668 4607 sint
680 4549 719 4605 de
733 4548 828 4605 tribus
840 4550 1031 4624 processibus
1043 4552 1312 4623 complutensibus.

419 4640 565 4713 Quamvis
579 4648 640 4697 tres
654 4655 811 4712 processus
823 4641 921 4712 simul,
938 4657 991 4695 seu
1005 4639 1069 4696 sine
1084 4641 1145 4697 ullo
1156 4640 1244 4698 titulo
1262 4651 1314 4698 aut
1331 4641 1475 4701 divisione
1490 4630 1577 4707 script
