3500 5367
431 349 484 423 350
813 350 1021 407 Monuuasnn
1041 350 1221 406 tenuntur

386 504 433 571 ai
450 501 714 571 sacratissimam
737 502 992 585 eucharistiam3
1022 513 1059 572 et
1077 524 1163 571 cum.
1184 502 1235 569 ori
1262 504 1506 573 admoueretur
1520 503 1599 591 panis

392 620 564 702 uiuificus,
582 619 813 689 conscientiae
828 630 957 687 terrore
973 618 1089 686 subito
1106 618 1322 688 exanimatus
1341 624 1519 709 surgebat,
1535 634 1602 689 etse

388 734 558 821 suspiriis,
584 734 771 821 gemitibus
794 733 1023 821 lacrymisque
1039 733 1180 821 penitus
1199 735 1313 802 dabat.
1334 736 1527 804 Ocurrebat
1543 736 1602 821 qui-

388 852 470 918 dem
488 851 581 918 Patri
599 872 706 917 unum
723 849 807 916 illud
824 848 1141 936 praesentissimum
1156 849 1359 931 remedium,
1374 851 1511 936 sipater
1524 851 1602 938 spiri·

343 1018 345 1023 ,
390 965 507 1046 tualiS,
525 965 581 1033 cui
597 962 842 1034 conscientiam
858 986 956 1031 suam
978 966 1166 1051 aperiebat,
1185 986 1265 1033 eum
1282 966 1468 1053 tranquillo
1488 978 1602 1054 pamto-

389 1102 460 1171 que
476 1082 591 1149 animo
606 1102 682 1149 esse
698 1081 845 1163 iuberet,
864 1091 900 1149 et
916 1079 952 1147 in
968 1103 1007 1149 se
1023 1080 1138 1147 omnia
1154 1081 1267 1148 Patris
1289 1082 1433 1149 crimina
1447 1083 1602 1169 reciperet:

394 1200 460 1265 hac
488 1218 556 1265 una
583 1196 617 1263 in
638 1219 676 1265 re
697 1219 734 1265 se
755 1217 859 1280 posse
880 1196 1100 1283 acquiescere
1121 1198 1282 1283 sperabat
1301 1208 1337 1263 et
1359 1196 1602 1285 exagitationem

393 1312 484 1379 iliam
497 1324 532 1380 et
544 1312 778 1379 carnificinam
790 1311 916 1379 mentis
931 1313 1118 1399 deponere3
1133 1312 1194 1378 sed
1208 1322 1323 1380 tamen
1334 1312 1370 1379 id
1382 1312 1471 1399 patri
1481 1334 1541 1379 suo
1550 1310 1602 1397 spi-

394 1427 506 1495 rituali
523 1448 714 1515 proponere
730 1448 800 1493 non
813 1428 974 1510 audebat,
989 1448 1033 1495 ne
1049 1449 1069 1494 a
1085 1448 1123 1495 se
1139 1438 1253 1494 ortum
1265 1427 1455 1496 remedium
1469 1429 1602 1495 morbum

391 1564 462 1611 nnn
479 1528 625 1624 tolleret,
645 1545 705 1612 sed
721 1554 879 1630 augeret.
896 1543 1003 1611 Omni
1018 1542 1139 1629 itaque
1150 1542 1274 1611 solatio
1289 1544 1491 1625 destitutus,
1512 1546 1602 1613 Deum

393 1659 552 1747 precibus
567 1671 603 1729 et
618 1656 754 1729 ieiuniis
774 1660 911 1746 pulsare
930 1659 1063 1740 statuit,
1085 1670 1120 1727 et
1140 1681 1210 1727 non
1231 1660 1326 1741 prius
1341 1684 1362 1727 a
1381 1660 1533 1747 corporis
1546 1682 1602 1725 ma·

389 1775 565 1844 ceratione
580 1774 757 1856 desistere,
787 1796 891 1861 quam
917 1776 1206 1843 clementissimus
1229 1774 1400 1843 Dominus
1419 1776 1548 1862 spiritui
1562 1796 1599 1842 re·

389 1892 507 1976 quiem
524 1891 700 1959 tribueret:
725 1911 831 1976 quare
852 1891 990 1978 integra
1010 1891 1238 1972 bebdomada,
1263 1893 1330 1958 hoc
1344 1903 1406 1981 ,est
1420 1904 1547 1978 septem
1560 1912 1602 1957 so

389 2007 537 2074 lidorum
555 2008 686 2076 dierum
703 2005 971 2092 intercapedine,
997 2005 1045 2073 ita
1062 2005 1126 2072 fuit
1142 2005 1291 2086 sobrius,
1317 2017 1358 2071 ut
1380 2006 1467 2073 nihil
1490 2006 1603 2073 omnino

394 2134 560 2208 gustaret,
593 2133 629 2189 et
656 2121 877 2189 nihilominus
905 2132 1072 2190 consueta
1095 2123 1289 2189 orationum
1312 2132 1348 2189 et
1368 2122 1602 2209 disciplinarum

390 2238 553 2306 exercitia
570 2258 637 2304 non
654 2237 838 2320 omitteret;
857 2237 989 2304 solebat
1002 2236 1093 2305 enim
1105 2259 1148 2306 eo
1160 2246 1315 2323 ternpore
1327 2250 1459 2324 septem
1473 2238 1603 2321 integras

390 2354 494 2420 haras
510 2354 544 2419 in
559 2354 712 2421 oratione
729 2366 764 2421 et
778 2352 1000 2420 meditatione
1016 2352 1165 2439 genibus
1177 2353 1382 2438 prouolutus
1394 2353 1544 2438 quotidie
1557 2373 1602 2437 po·

393 2488 486 2548 nere,
505 2480 540 2537 et
556 2491 593 2537 se
609 2469 788 2555 aliquoties
804 2468 840 2535 in
856 2468 913 2535 die
929 2469 1113 2537 uerberum
1126 2467 1355 2554 castigatione
1367 2470 1518 2551 domare;
1531 2466 1603 2554 quod

390 2606 472 2650 cum
499 2586 554 2653 die
581 2583 753 2651 dominico
773 2584 928 2670 proximo
951 2582 1174 2663 confessario,
1201 2604 1245 2649 ex
1266 2606 1362 2652 more
1383 2584 1603 2653 conscientian

395 2723 491 2769 suam
513 2701 680 2788 aperiens,
704 2699 937 2788 explicuisset,
963 2700 1233 2766 admirabundus
1255 2699 1313 2767 ille
1333 2710 1370 2767 et
1391 2699 1604 2787 magnitudine

389 2818 439 2886 rei
452 2817 617 2884 attonitus
632 2819 769 2884 Patrem
786 2816 900 2882 cibum
918 2837 1042 2902 capere
1058 2815 1165 2895 iubet,
1190 2826 1225 2881 et
1246 2815 1511 2883 misericordiam
1528 2828 1603 2881 tran·

390 2928 661 3019 quillitatemque
688 2956 708 2999 a
735 2930 883 2998 Domino
911 2941 1105 3018 expectare,
1129 2951 1232 3017 quam
1256 2942 1375 3016 postea
1396 2944 1604 3016 consequutus

388 3060 456 3129 est3
471 3063 505 3116 et
523 3059 651 3114 tantam
668 3046 848 3133 spirituum
862 3046 1104 3114 discretionem
1116 3057 1152 3113 et
1163 3047 1444 3131 scrupulosarum
1461 3046 1602 3114 mentium

389 3165 621 3231 smandarum
649 3162 794 3249 gratiam
822 3186 841 3230 a
870 3164 945 3229 Deo
973 3161 1133 3241 obtinuit,
1164 3172 1203 3226 ut
1230 3160 1289 3245 qui
1317 3164 1383 3229 hac
1411 3160 1604 3250 aegritudine

393 3282 538 3347 aflectus
561 3279 763 3346 medicinam
784 3277 799 3319 ¹¹
819 3300 839 3344 a
862 3280 965 3345 Patre
985 3299 1056 3344 non
1077 3275 1260 3357 inueniret,
1278 3279 1322 3343 de
1342 3300 1381 3346 se
1397 3289 1512 3345 actum
1528 3289 1606 3363 pun-

397 3406 460 3460 ret.
480 3396 531 3461 Ex
549 3397 686 3481 Laynez
710 3395 854 3479 54.—-L.

469 3528 522 3595 35.
573 3511 628 3577 Ad
645 3512 763 3578 decern
782 3510 910 3597 primos
934 3514 1068 3593 PatreS,
1092 3511 1152 3596 qui
1174 3492 1381 3583 Societatem
1408 3525 1551 3579 nostram
1568 3508 1594 3572 in

397 3627 598 3704 s'ituerunt,
618 3624 784 3707 Venetiis,
803 3646 882 3692 cum
899 3627 1145 3712 prosectionem
1162 3638 1321 3714 pararent
1342 3628 1606 3713 Hierosolymam.

401 3762 437 3807 se
455 3740 609 3807 adiunxit
625 3742 737 3807 bonus
753 3740 892 3825 quidam
910 3742 963 3807 uir
978 3753 1014 3809 et
1029 3743 1153 3809 doctus
1172 3746 1209 3823 ¹¹3
1228 3743 1283 3810 hic
1294 3753 1413 3829 postea
1425 3766 1467 3811 eo
1479 3754 1607 3828 tempore

395 3855 484 3921 obiit
501 3856 590 3922 diem
608 3878 722 3939 suum,
741 3877 809 3941 quo
825 3867 982 3943 tempore
999 3858 1102 3925 Pater
1117 3869 1234 3925 noster
1246 3858 1412 3945 Ignatius,
1427 3860 1516 3947 apud
1527 3860 1606 3924 Mon·

403 3982 470 4036 tem
488 3971 670 4037 Cassinum
687 3992 807 4057 agenS,
825 3972 988 4039 exercitia
1004 3972 1194 4059 spiritualia
1215 3972 1348 4040 doctori
1364 3973 1495 4043 Ortizio
1515 3971 1593 4039 trade

393 4088 469 4154 bat.
499 4088 588 4153 Cum
607 4099 719 4155 autem
749 4088 804 4156 die
832 4089 979 4173 quadam
1007 4088 1170 4175 oppidum
1201 4089 1371 4169 transiret,
1403 4090 1490 4156 uidit
1515 4086 1607 4155 coelo

447 4297 461 4337 h
482 4292 626 4349 Medicam
637 4294 738 4365 prinam
747 4294 818 4349 dein
832 4294 956 4351 Natalis
969 4313 1065 4351 marcu
1077 4298 1111 4350 in
1124 4314 1185 4351 uno
1198 4297 1352 4370 margine,
1366 4296 1400 4352 in
1412 4296 1509 4353 altero
1520 4296 1606 4369 ignoti

395 4402 493 4437 erronu
507 4384 651 4452 scriplum
667 4386 720 4437 cst:
735 4382 921 4442 medicinam.

400 4506 596 4517 ..-—-——

451 4570 470 4604 ¹¹
511 4569 639 4625 Didacus
654 4570 765 4626 Hozius
777 4570 901 4641 (Hoces)
