3500 5367
259 480 431 565 Fncuprns
444 479 579 535 lcunrro
592 492 633 535 ετ
645 491 746 535 socns
759 491 924 535 concussa
937 490 1156 535 Pnnsnrcrunr
1170 490 1243 534 arc.
1281 491 1335 548 549

133 632 189 697 uel
203 631 457 701 consuetudine
472 654 535 701 seu
551 632 634 704 alias
649 642 807 712 vtuntur,
822 631 1001 718 potiuntur
1016 640 1051 699 et
1066 632 1233 718 gaudent,
1248 653 1287 698 ac
1304 632 1367 711 vti,

133 744 233 832 potiri
249 758 285 815 et
306 749 459 833 gaudere
480 758 643 834 poterunt
663 746 919 833 quomodolibet
939 748 974 812 in
996 750 1164 828 futurum,
1187 747 1250 835 vti,
1267 747 1369 833 potiri

131 873 167 928 et
183 864 350 948 gaudere.

197 978 347 1047 Necnon
363 979 540 1065 vtriusque
556 1001 659 1047 sexus
672 978 801 1047 Christi
818 977 969 1047 fidelium
984 999 1291 1063 quorumcumque,
1304 999 1368 1045 vo-

133 1093 185 1159 bis
207 1116 270 1161 seu
293 1094 390 1163 alteri
410 1106 561 1162 vestrum
583 1094 739 1163 confiteri
758 1095 963 1177 volentium,
988 1094 1249 1163 diocesanorum
1272 1095 1368 1161 loco·

133 1228 219 1290 rum,
237 1232 279 1277 ac
296 1210 542 1297 parochialium
564 1212 785 1279 ecclesiarum
807 1231 1101 1296 quarumcumque
1118 1221 1289 1279 rectorum
1306 1221 1367 1277 aut

129 1346 429 1412 quorumcumque
449 1326 591 1393 aliorum
617 1326 754 1394 licentia
770 1324 910 1394 minime
934 1324 1110 1411 requisita,
1129 1325 1366 1395 confessiones

130 1442 260 1524 audire,
280 1452 328 1524 et,
346 1441 413 1509 illis
427 1443 624 1530 dilligenter
636 1442 777 1523 auditis,
801 1442 875 1509 illos
891 1466 911 1509 a
928 1441 1205 1527 quibuscumque
1220 1436 1362 1528 pecatis,

129 1558 332 1625 criminibus
347 1570 381 1626 et
402 1559 547 1639 delictis,
568 1559 693 1645 quibus
712 1557 873 1625 ordinarii
890 1559 1043 1624 locorum
1060 1557 1192 1623 deiure
1208 1557 1263 1626 vel
1279 1578 1364 1623 con-

129 1674 315 1743 suetudine
331 1685 391 1741 aut
414 1674 498 1741 alias
519 1675 774 1761 quomodolibet
795 1675 973 1741 absoluere
990 1683 1148 1759 possunt,
1167 1674 1361 1752 absoluere,

130 1800 164 1855 et
186 1790 236 1857 eis
251 1812 316 1877 pro
339 1790 529 1858 commissis
550 1790 773 1877 penitentiam
797 1791 981 1858 salutarem
1005 1788 1198 1875 iniungere.
1217 1790 1272 1855 Ac
1295 1788 1363 1856 eisr

126 1906 205 1973 dem
222 1906 301 1992 Xpi.
321 1904 490 1988 fidelibus,
508 1905 582 1973 sine
599 1918 714 1975 tamen
730 1906 974 1992 parochialium
1000 1902 1223 1972 ecclesiarum
1249 1914 1361 1971 recto-

132 2042 202 2087 rum
219 2022 437 2108 praeiuditi0,
456 2034 516 2089 aut
536 2024 580 2089 de
600 2022 735 2089 illorum
759 2043 942 2101 consensu,
961 2016 1229 2088 eucharistiamd
1245 2030 1280 2085 et
1296 2018 1362 2087 alia

127 2136 359 2205 ecclesiastica
386 2148 600 2207 sacramenta
627 2137 819 2205 ministrare
847 2136 953 2203 libere
975 2146 1011 2205 et
1037 2135 1129 2203 licite
1148 2135 1303 2216 valeatis,
1327 2146 1363 2202 et

126 2250 272 2336 quilibet
294 2264 447 2322 vestrum
471 2256 594 2336 valeat,
613 2266 732 2323 tenore
755 2252 998 2340 praesentium,
1022 2253 1066 2319 de
1088 2251 1228 2337 speciali
1249 2250 1362 2338 gratia

129 2369 327 2438 facultatem
347 2370 578 2453 concedimus,
598 2381 632 2439 et
653 2370 778 2457 pariter
801 2369 1035 2456 indulgemus,
1061 2367 1248 2434 districtius
1268 2366 1361 2433 inhi-

128 2484 249 2553 bentes
272 2470 401 2553 eisdem
425 2486 603 2553 ordinariis
631 2508 670 2553 ac
694 2484 897 2565 rectoribus
922 2506 1058 2551 necnon
1082 2482 1263 2569 quibusuis
1285 2482 1360 2549 aliis

131 2600 282 2684 personis
298 2602 545 2689 cuiuscumque
561 2603 750 2690 dignitatis,
765 2613 887 2683 status,
901 2602 1042 2687 gradus,
1061 2599 1189 2666 ordinis
1205 2599 1262 2665 uel
1274 2620 1357 2665 con-

124 2716 264 2783 ditionis
280 2718 517 2799 existentibus,
533 2720 597 2785 sub
610 2716 972 2789 excommunicationis
988 2717 1055 2783 late
1067 2714 1258 2783 sententiae
1270 2736 1359 2800 pena

125 2852 168 2897 eo
184 2832 271 2919 ipso,
290 2833 318 2900 si
339 2847 458 2901 contra
480 2836 633 2915 fecerint,
652 2837 782 2920 absque
797 2833 910 2921 aliqua
930 2830 1159 2899 declaratione
1179 2830 1358 2898 incurren-

127 2950 180 3031 da,
198 2972 245 3019 ne
260 2970 323 3017 vos
339 2962 399 3016 aut
415 2949 601 3035 quemlibet
616 2940 768 3019 vestrum
785 2972 889 3037 super
903 2948 1099 3016 huiusmodi
1110 2946 1206 3015 verbi
1222 2947 1357 3033 praedi-

126 3064 317 3132 cationibus
332 3077 368 3132 et
383 3066 458 3132 aliis
469 3066 677 3153 praemissis,
692 3078 812 3133 contra
827 3065 1055 3151 praesentium
1075 3074 1226 3133 tenorem
1244 3084 1303 3149 per
1319 3084 1357 3129 se

129 3180 181 3247 uel
196 3182 300 3247 alium
316 3204 379 3248 seu
394 3181 490 3263 alios,
509 3182 632 3267 quouis
648 3181 803 3267 quaesito
825 3181 950 3262 colore,
970 3180 1146 3266 impedire,
1165 3177 1357 3264 inquietare

121 3316 182 3362 seu
200 3298 402 3382 perturbare
414 3308 646 3383 praesumant.

188 3413 266 3479 Non
291 3411 508 3479 obstantibus
532 3412 739 3499 praemissis,
762 3424 798 3482 et
817 3412 999 3498 quibusuis
1023 3409 1229 3497 apostolicis,
1256 3432 1295 3477 ac
1319 3410 1356 3476 in

122 3526 383 3611 prouintialibus
399 3539 433 3597 et
449 3528 661 3596 sinodalibus
677 3529 831 3596 conciliis
847 3528 948 3598 editis
964 3527 1185 3615 generalibus
1201 3528 1258 3594 uel
1274 3548 1356 3612 spe-

120 3641 264 3711 cialibus
280 3643 586 3713 constitutionibus
602 3655 637 3711 et
648 3644 920 3713 ordinationibus
937 3642 1147 3731 apostolicis
1162 3643 1356 3728 ceterisque

121 3759 301 3826 contrariis
318 3759 605 3847 quibuscumque.

188 3875 226 3940 ln
249 3896 394 3961 quorum
418 3876 535 3957 fidem,
562 3878 666 3943 robur
688 3888 723 3944 et
744 3876 977 3945 testimonium
1003 3887 1200 3962 praesentes
1221 3874 1295 3944 fieri
1320 3888 1355 3943 et

121 4024 404 4041 -----
420 4013 437 4057 s
453 4004 465 4031 ⁰
481 4014 586 4059 manu
602 3992 737 4080 propria
753 3992 920 4078 signataS,
938 3991 1054 4077 sigillo
1070 4003 1188 4059 nostro
1204 3991 1215 4031 f
1228 3989 1355 4058 muniri

127 4104 280 4174 fecimus.

186 4224 315 4292 Datum
331 4226 460 4293 Romae
475 4224 510 4290 in
523 4224 646 4292 edibus
662 4225 787 4291 nostris
803 4223 860 4293 die
877 4224 976 4291 tertia
993 4222 1074 4292 Maii
1087 4226 1351 4292 MDXXXVlll.

172 4438 187 4479 d
205 4437 406 4494 Eucharistiae
422 4438 568 4494 Bolland.
607 4454 655 4483 -e
674 4440 792 4495 Attrita
809 4444 852 4495 esf
868 4440 1101 4511 aliquantulum
1119 4441 1236 4505 charta,
1255 4442 1300 4495 ita
1321 4444 1354 4493 ut

119 4528 236 4582 tantum
248 4532 400 4599 appareat
412 4528 518 4585 littera
531 4546 557 4595 s,
570 4533 598 4585 et
612 4533 774 4601 praeterea
792 4529 917 4594 lineola,
930 4534 1022 4602 super
1034 4530 1168 4595 uerbum,
1181 4531 1261 4601 quod
1273 4529 1356 4585 vido·

120 4616 172 4669 tur
183 4618 363 4683 desiderari,
377 4618 566 4674 collocatam.
581 4618 762 4675 «Bollandm
773 4619 893 4691 legunt:
906 4627 1078 4691 praesentes
1090 4619 1156 4675 fieri
1173 4620 1298 4688 litteras,
1312 4628 1353 4675 et.

123 4704 167 4745 ..t
183 4704 273 4777 sigilli
287 4708 380 4763 nostri
392 4724 449 4763 ms.
