3500 5367
380 441 383 446 ’
406 453 597 509 Msuosmtu
617 454 650 508 P.
670 453 846 510 consucvit
864 465 908 508 os
927 453 958 508 S.
978 453 1113 509 lemno
1290 451 1341 521 185

136 604 214 672 iura
229 617 425 686 seruantes,
443 629 512 674 non
529 607 732 674 abstulimus
748 627 873 674 nomen
882 607 1037 686 honoris,
1053 596 1145 692 quod
1157 605 1230 692 ipse
1242 604 1307 672 sibi
1323 604 1378 670 sui

135 719 296 787 criminis
312 722 527 791 confessione
548 722 623 788 iam
637 723 772 802 tulerat;
791 723 851 788 sed
868 721 982 788 ualida
997 721 1204 788 authoritate
1219 719 1375 788 decreui—

137 855 228 916 mus,
252 848 422 924 perpetua
441 838 650 923 poenitentia
670 850 681 877 ¹
701 840 794 904 hunc
814 837 982 904 inseruire
1001 836 1122 904 officiis
1137 847 1173 906 et
1187 835 1373 917 aerumnis

138 952 366 1037 prouidentes
390 953 524 1036 melius,
546 954 642 1019 illum
663 976 724 1040 per
747 971 904 1039 asperam
927 963 963 1019 et
985 955 1162 1019 dumosam
1184 952 1235 1020 ire
1255 951 1375 1038 poeni-

136 1067 269 1135 tentiae
284 1068 519 1151 solitudinem,
537 1080 574 1136 vt
591 1070 796 1156 quandoque
812 1068 1009 1155 perueniret
1024 1069 1068 1134 ad
1083 1067 1253 1154 refrigerii
1275 1089 1375 1135 man-

136 1182 284 1263 sionem,
305 1207 407 1269 quam
424 1185 579 1251 relictum
596 1185 632 1250 in
650 1183 837 1251 uoluntatis
857 1207 941 1252 suae
963 1183 1157 1264 latitudine,
1175 1185 1220 1250 ad
1240 1182 1373 1270 praeci-

139 1298 259 1384 pitium
278 1300 380 1368 deiici
397 1311 535 1368 aeterna
551 1300 784 1370 damnatione.

205 1417 309 1482 Tunc
326 1416 555 1484 venerabilem
577 1419 822 1498 Fructuosum,
840 1415 1007 1486 ecclesiae
1027 1414 1215 1483 dumiensis
1239 1414 1374 1500 episco-

136 1553 275 1618 copum,
295 1533 471 1598 communi
487 1533 639 1600 omnium
656 1542 810 1598 nostrum
823 1531 994 1600 electione
1005 1530 1249 1597 constituimus
1260 1531 1374 1598 eccle-

138 1646 209 1716 siae
225 1648 442 1716 bracarensis
457 1649 693 1734 gubernacula
709 1647 900 1728 continere;
911 1623 966 1715 'ita
985 1657 1023 1712 vt
1042 1668 1179 1713 omnem
1199 1656 1373 1732 metropo-

139 1761 194 1828 lim
222 1763 424 1850 prouinciae
451 1764 618 1832 Galliciae
644 1775 675 1844 ⁸,
700 1773 914 1847 cunctosque
937 1762 1133 1848 episcopos,
1159 1761 1373 1846 populosque

139 1891 339 1946 conuentus
370 1880 493 1966 ipsius,
527 1879 749 1965 omniumque
784 1901 903 1945 curam
934 1879 1124 1944 animarum
1159 1875 1373 1944 bracarensis

138 1995 305 2062 ecclesiae
320 1996 370 2062 sic
386 1997 645 2083 gubernandam
661 1995 675 2036 b
691 1994 895 2081 suscipiens,
908 1993 957 2060 ita
972 2003 1159 2080 componat
1170 2005 1275 2078 atque
1286 2013 1369 2059 con·

141 2122 266 2192 seruet,
285 2121 326 2178 ut
341 2124 376 2178 et
392 2111 578 2180 Dominum
595 2123 749 2180 nostrum
767 2113 810 2178 de
827 2109 1033 2180 rectitudine
1048 2109 1161 2195 operis
1172 2107 1227 2175 sui
1239 2119 1252 2148 ⁰
1264 2107 1371 2194 glori·

141 2227 228 2306 ticet,
247 2239 283 2295 et
302 2227 401 2294 nobis
416 2229 461 2296 de
481 2227 717 2296 incolumitate
737 2227 903 2296 ecclesiae
923 2226 998 2295 eius
1019 2225 1184 2313 gaudium
1205 2234 1368 2312 praestet.

139 2342 228 2425 Quia
243 2364 331 2411 vero
347 2344 522 2411 adfutura
538 2343 733 2430 prospicere
753 2342 928 2422 conuenit,
947 2364 991 2410 ne
1007 2341 1180 2408 exoriatur
1195 2339 1210 2380 ‘¹
1226 2340 1263 2406 in
1277 2350 1371 2406 statu

142 2456 229 2540 pacis
245 2459 415 2542 quaedam
433 2459 615 2526 commotio
631 2458 712 2539 litis,
733 2469 866 2544 patrum
887 2457 1105 2537 sententiam,
1124 2478 1213 2552 quae
1233 2455 1301 2523 iam
1317 2455 1371 2521 di·

138 2581 229 2638 ctum
259 2573 455 2639 Potamium
483 2574 681 2660 episcopum
708 2572 917 2640 rectitudine
943 2574 1095 2654 damnat,
1122 2571 1370 2640 huicdecreto

140 2700 344 2756 connectere
360 2699 478 2755 nostra
495 2689 673 2776 uigilantia
690 2699 885 2775 procurat.»

203 2923 257 2991 61.
308 2923 349 2988 El
362 2925 465 2990 modo
478 2925 522 2992 de
533 2923 691 3010 despedir
703 2922 1000 2992 ordinariamente.
1014 2924 1086 2990 Vsa
1098 2924 1131 2990 el
1144 2923 1257 2989 Padre
1268 2943 1366 2988 man-

141 3036 197 3102 dar
212 3045 232 3104 a
247 3039 555 3126 peregrinationes;
574 3061 596 3124 y
617 3049 715 3107 antes
736 3038 854 3125 quiere
877 3039 1038 3124 despedir
1058 3044 1079 3104 a
1098 3037 1206 3126 vn[0],
1230 3040 1368 3125 quando

142 3151 192 3218 del
216 3154 297 3222 todo
321 3175 358 3221 se
381 3157 427 3222 ha
450 3155 493 3221 de
517 3177 569 3240 yr,
596 3175 664 3240 que
687 3175 765 3239 yrse
789 3156 837 3235 el;
861 3177 884 3240 y
905 3165 981 3222 esto
1002 3175 1084 3240 para
1104 3175 1171 3241 que
1193 3173 1281 3240 vaya
1301 3175 1366 3220 oon

141 3288 239 3334 amor:
259 3291 359 3336 como
375 3269 453 3336 hizo
475 3291 544 3338 con
561 3271 716 3337 Lascano
737 3269 768 3346 el
791 3270 947 3336 Octobre
966 3269 1010 3335 de
1033 3285 1087 3353 53,
1106 3290 1186 3353 que,
1205 3268 1365 3354 querien-

140 3382 281 3470 doseyr,
307 3386 340 3452 le
361 3391 447 3473 rogo
468 3407 534 3470 que
555 3407 733 3472 esperasse
754 3387 798 3466 el;
821 3407 844 3470 y
864 3405 994 3470 porque
1014 3385 1046 3450 el
1066 3383 1215 3471 iusgaua
1237 3405 1305 3468 que
1321 3407 1367 3452 no

141 3519 193 3564 era
206 3521 289 3585 para
311 3503 345 3567 la
369 3501 570 3588 Compatlla,
596 3501 726 3567 ordenb
742 3502 774 3570 el
790 3501 903 3568 Padre
919 3502 952 3566 la
968 3522 1049 3567 cosa
1063 3501 1109 3568 de
1128 3521 1279 3580 manera,
1298 3520 1366 3585 que

143 3613 194 3680 lue
209 3638 289 3702 muy
306 3617 422 3704 amigo
438 3619 480 3684 de
504 3617 536 3682 la
561 3617 762 3703 Companla,
780 3639 802 3702 y
823 3637 862 3684 se
887 3617 945 3682 fue
968 3622 989 3682 a
1013 3617 1187 3702 Espanha.
1215 3617 1246 3681 Y
1266 3636 1366 3683 como

142 3735 248 3810 queria
263 3734 370 3800 hazer
386 3753 451 3798 con
468 3733 500 3801 el
516 3731 670 3798 calabres
687 3751 753 3816 que
770 3753 808 3799 se
826 3732 883 3799 fue
904 3742 997 3798 estos
1017 3732 1103 3812 dlas,
1121 3732 1154 3797 el
1173 3731 1259 3814 qual'
1276 3740 1365 3820 tarn-

143 3837 212 3910 bien
232 3869 269 3913 se
290 3846 402 3933 partib
423 3869 506 3933 muy
527 3846 655 3934 amigo
678 3848 722 3912 Et
743 3845 908 3928 breuiter,
931 3847 963 3915 el
987 3847 1098 3915 Padre
1119 3846 1261 3932 trabaya
1283 3847 1364 3913 todo

143 3955 171 4022 lo
184 3962 330 4045 possible
346 3984 414 4047 que
427 3984 471 4029 no
489 3985 598 4049 vayan
615 3962 854 4049 exasperados

613 4099 698 4144 «con
715 4079 890 4144 Lascano»

200 4193 252 4259 62.
301 4195 335 4262 O
351 4215 431 4260 caso
447 4196 491 4262 de
508 4195 662 4261 Lascano
679 4194 737 4280 foy
758 4205 844 4262 este.
868 4195 936 4258 Era
959 4194 1114 4259 Lascano
1135 4192 1270 4258 natural
1290 4191 1363 4258 bis-

142 4305 266 4388 cainho,
284 4310 437 4390 soldado,
457 4311 565 4377 nobre
580 4332 600 4390 e
617 4311 753 4377 bomem
770 4315 814 4395 ya
830 4309 874 4375 de
885 4311 954 4376 boa
965 4309 1077 4388 idade3
1092 4305 1210 4376 emais
1224 4329 1288 4394 por
1299 4328 1362 4374 sua

143 4475 342 4497 ῃ

188 4599 198 4625 ²
231 4596 390 4660 perpetuae
400 4587 600 4662 poenitentiae
613 4588 762 4661 Aguirre.
800 4585 1193 4659 -acallaeciaeaguirra
1233 4587 1283 4628 -b
1301 4601 1361 4655 gu-

145 4665 278 4732 bernanda
292 4677 441 4752 Aguirre.
479 4691 528 4722 -ο
547 4675 609 4734 suis
622 4677 770 4752 Agur'rre.
808 4679 858 4721 —d
879 4693 916 4732 ne
929 4675 1037 4732 exoriri
1050 4676 1145 4748 possit
1156 4675 1306 4749 Aguirra.
