3500 5367
415 448 469 506 5⁰0
690 492 692 497 ,
793 436 1002 492 Moxusmxrx
1020 435 1200 492 luximus

378 588 489 656 uoluit
509 590 554 656 ob
576 610 645 657 rem
667 590 838 674 quandam
859 588 995 655 infirmo
1018 610 1087 655 non
1107 588 1368 676 suppeditatum.
1391 590 1472 655 Dum
1489 583 1566 653 alicui

377 728 466 773 vena
481 703 588 771 incisa
605 716 707 783 esset,
725 704 883 771 mittebat
903 704 1049 772 subinde
1065 704 1225 790 aliquem,
1243 704 1302 790 qui
1318 714 1435 791 postea
1451 702 1563 787 inspice·

376 832 429 891 ret
445 842 528 887 num
545 823 634 888 bene
656 820 762 887 fascia
777 832 868 889 esset
889 820 1114 916 constrictum
1136 820 1349 900 bracchium,
1371 843 1415 888 ne
1433 841 1503 886 casu
1519 816 1566 881 ali-

376 959 446 1023 quo
462 936 604 1023 sanguis
625 946 830 1023 erumperet.
849 938 965 1003 Noctu
981 935 1172 1020 aliquoties,
1194 935 1279 1002 alios
1297 936 1441 1003 excitare
1460 934 1566 1011 nolens,

375 1053 530 1139 ipsemet,
557 1051 755 1137 praesertim
777 1051 938 1133 nouitios,
961 1062 1123 1137 tanquam
1144 1051 1309 1118 minorem
1329 1052 1383 1119 sui
1402 1072 1503 1118 curan
1518 1069 1564 1133 ge·

374 1179 501 1249 renteS,
521 1168 648 1248 adibat,
666 1178 700 1235 et
722 1189 805 1235 num
821 1171 910 1237 bene
926 1169 1092 1235 haberent
1107 1167 1252 1254 ligatum
1269 1165 1461 1233 bracchium
1478 1162 1567 1248 inqui·

373 1286 480 1351 rebat.
500 1285 793 1369 Quotiescumque
809 1284 932 1369 aliquis
947 1284 1229 1373 scholasticorum
1245 1282 1281 1349 in
1297 1284 1439 1369 collegio
1452 1282 1483 1346 in
1495 1300 1566 1345 mor·

372 1403 455 1467 burn
483 1400 661 1481 incideret,
685 1400 839 1491 nunciati
860 1400 1051 1470 mandauit.
1073 1402 1117 1465 Et
1137 1401 1206 1465 hoc
1225 1400 1335 1466 solum
1357 1400 1482 1468 dicebat
1498 1415 1569 1473 esse,

372 1518 565 1601 quodcum
589 1526 736 1585 tremere
756 1527 791 1585 et
814 1517 916 1585 ualde
936 1516 1055 1583 timere
1083 1516 1224 1597 faceret,
1249 1515 1333 1582 dum
1361 1512 1531 1599 quempiam
1551 1530 1569 1575 e

371 1631 585 1699 scholasticis
610 1630 748 1717 collegii
775 1641 955 1719 aegrotare
983 1632 1128 1700 audiret.
1157 1633 1247 1698 Cum
1274 1630 1365 1697 enim
1393 1629 1564 1697 medicorum

371 1745 513 1813 consilio
533 1758 675 1812 coactus
696 1758 787 1813 esset
803 1768 823 1811 a
839 1746 1100 1833 gubernationis
1115 1745 1207 1814 curis
1222 1746 1374 1813 animum
1386 1755 1531 1821 auertere,
1540 1753 1566 1807 et

372 1860 450 1929 ideo
480 1860 647 1928 uicarium
679 1861 732 1928 sui
763 1863 839 1928 loco
871 1860 1080 1929 nominasset
1111 1884 1131 1927 a
1157 1861 1411 1929 consultoribus
1435 1862 1563 1934 electum,

372 1977 530 2063 quamuis
545 1976 660 2043 omnia
675 1977 751 2059 alia,
770 1976 872 2045 etiam
889 1976 1093 2063 grauissima
1108 1976 1292 2046 Societatis
1307 1976 1456 2063 negotia,
1468 1971 1567 2039 vicario

371 2114 450 2158 curn
479 2094 578 2178 plena
606 2103 776 2179 potestate
804 2094 982 2160 tractanda
1012 2092 1223 2178 reliquisset,
1251 2091 1359 2159 solam
1391 2093 1565 2157 infirmorum

370 2229 489 2275 curam
505 2208 570 2273 sibi
586 2210 649 2275 soii
665 2208 867 2288 reseruauit,
886 2230 988 2293 quam
1005 2230 1139 2295 semper
1153 2208 1274 2274 habuit
1295 2206 1526 2275 exactissimam
1540 2213 1566 2267 et

369 2322 640 2393 liberalissimam
661 2324 735 2391 sine
755 2326 826 2391 ullo
848 2346 1069 2410 personarum
1092 2324 1301 2392 discrimine.
1325 2326 1426 2391 Hanc
1448 2324 1488 2389 ob
1503 2340 1565 2387 cau·

370 2460 442 2506 sam
458 2432 537 2505 cum
554 2440 687 2509 uideret
703 2450 844 2507 sanctus
863 2442 965 2507 Pater
981 2463 1045 2527 pro
1060 2438 1274 2509 recreatione
1285 2436 1565 2507 conualesceutiun

372 2566 407 2623 et
430 2555 711 2622 scholasticorum
732 2567 928 2622 nostrorum
954 2555 1185 2625 necessarium
1213 2578 1290 2624 esse
1312 2557 1425 2622 locum
1450 2554 1565 2637 aliquem

370 2672 619 2751 suburbanum,
639 2673 681 2737 ad
698 2693 799 2756 quem
820 2694 882 2758 pro
903 2672 1107 2739 abstraendo
1127 2694 1148 2738 a
1167 2672 1290 2738 studiis
1310 2682 1343 2738 et
1366 2694 1386 2739 a
1405 2663 1567 2737 domesticis

357 2786 540 2873 angustiis
555 2786 670 2853 animo
689 2788 901 2868 secederent,
920 2799 955 2856 et
969 2788 1036 2854 sub
1051 2788 1159 2856 libero
1174 2788 1271 2854 coelo
1286 2788 1321 2853 in
1342 2787 1459 2874 amplis
1474 2788 1565 2851 horto-

370 2924 446 2968 rum
466 2902 607 2989 pomarii
629 2924 670 2969 ac
693 2902 812 2971 uineae
832 2902 952 2990 spatiis
978 2924 1017 2969 se
1042 2912 1249 2982 recrearent,
1279 2901 1344 2971 etsi
1372 2913 1451 2969 tunc
1470 2903 1568 2966 donus

370 3018 495 3086 debitis
517 3027 740 3104 premeretur,
763 3029 798 3084 et
820 2997 945 3105 magna
967 3029 1058 3088 esset
1078 3021 1206 3085 Rornae
1225 3017 1351 3085 caritas
1370 3038 1522 3095 annonae,
1540 3022 1565 3080 et

368 3133 559 3202 cardinales
586 3156 767 3203 numerum
795 3132 942 3201 familiae
968 3133 1214 3215 diminuerent,
1243 3143 1278 3201 et
1304 3134 1397 3201 domi
1423 3134 1505 3201 nulla
1521 3150 1568 3216 pro

369 3248 582 3316 aedificando
602 3249 747 3336 pecunia
766 3258 869 3329 esset,
892 3272 933 3317 ea
953 3260 1074 3316 mutuo
1093 3260 1245 3336 accepta,
1268 3250 1304 3318 in
1323 3252 1427 3317 domo
1446 3248 1514 3336 proi
1539 3266 1551 3280 ⁴

370 3364 657 3431 ualetudinarium
674 3364 786 3432 extrui
803 3364 913 3441 iussit,
932 3375 966 3433 et
982 3365 1084 3432 simul
1099 3364 1248 3444 uineam,
1268 3376 1306 3431 ut
1319 3376 1455 3443 vocant,
1478 3359 1566 3429 Balbi-

369 3501 447 3545 nam
464 3480 558 3561 emit,
577 3490 612 3547 et
632 3481 667 3547 in
690 3504 731 3549 ea
752 3481 1018 3567 pulcherrimum
1038 3480 1141 3547 trium
1162 3480 1456 3567 contignationum
1474 3476 1566 3546 aediti·

368 3594 458 3661 cium
483 3595 569 3682 erigi
597 3595 744 3676 curauit,
769 3606 804 3663 et
826 3596 984 3679 triclini0,
1004 3576 1045 3666 'et
1064 3598 1202 3678 sacello,
1224 3608 1260 3665 et
1280 3596 1447 3664 cubiculis
1465 3594 1567 3679 aliquot

367 3710 597 3797 elegantibus,
616 3713 814 3781 ac'cellario
834 3724 868 3781 et
889 3722 995 3799 puteo
1015 3713 1233 3793 instructum,
1255 3712 1409 3798 illudque
1428 3734 1491 3778 nnn
1506 3706 1564 3774 uul-

366 3826 441 3913 gari
469 3848 584 3913 opere,
609 3828 670 3895 sed
690 3829 791 3897 ualde
811 3829 958 3914 pulchro
978 3839 1014 3895 et
1032 3828 1183 3916 eleganti
1206 3828 1251 3895 ad
1270 3829 1422 3915 speciem
1441 3829 1565 3896 elabora

367 3954 452 4024 tum,
470 3964 513 4010 eo
527 3944 628 4030 plane
645 3944 758 4026 modo,
777 3965 846 4028 quo
861 3943 1014 4010 uirorum
1029 3942 1044 3983 b
1060 3943 1251 4031 principum
1267 3942 1419 4012 aedificia
1436 3943 1468 4010 in
1481 3937 1568 4008 hortis

365 4058 574 4125 suburbanis
591 4059 626 4125 in
642 4058 739 4126 Italia
753 4069 929 4126 exstructa
944 4070 1146 4142 cernuntur,
1163 4071 1199 4127 et
1215 4082 1285 4145 quo
1306 4060 1468 4129 exteriore
1485 4078 1561 4125 orna·

365 4184 422 4241 tus
438 4196 478 4241 ac
494 4176 615 4241 florum
634 4186 668 4243 et
685 4175 895 4261 picturarum
912 4173 1159 4244 incrustatione
1172 4176 1306 4243 nullum
1321 4176 1356 4243 in
1372 4177 1426 4243 his
1440 4173 1567 4262 partibus

363 4290 549 4377 collegium
567 4293 622 4357 uel
641 4290 880 4377 religiosorum
896 4290 1105 4357 domicilium
1121 4302 1327 4369 exornatum,
1342 4292 1422 4360 uidi.

430 4406 601 4491 Quamuis
614 4416 767 4473 maturae
781 4406 917 4474 virtutis
930 4410 1063 4490 Patres,
1074 4407 1177 4476 etiam
1189 4407 1380 4495 primarios,
1395 4410 1488 4477 ualde
1498 4425 1552 4472 non

413 4654 429 4699 b
464 4672 524 4728 quo
537 4654 674 4711 uiuorum
690 4673 745 4711 ms·
