3500 5367
392 418 445 488 528
502 460 504 465 ,
528 436 545 465 κ
741 460 744 469 .
770 419 978 476 Μο110111111τ1
997 416 1178 473 lauimus
1289 458 1302 479 ,-

356 569 429 657 ipso
454 570 593 640 uidebat
624 569 660 637 in
688 564 982 655 confirmationem
1008 567 1319 649 Constitutionum,
1349 570 1487 642 uidendo
1509 573 1560 640 ali·

355 687 493 771 quando
508 689 621 755 Deum
646 690 796 767 Patrem,
818 686 1002 776 aliquando
1021 706 1141 754 omnes
1162 694 1232 753 tres
1251 706 1413 772 personas
1431 686 1560 757 Trinita-

356 802 415 883 tis,
448 801 632 887 aliquando
664 806 703 870 B.
743 802 923 889 Virginem
958 800 1228 869 intercedentem
1259 813 1295 869 et
1325 804 1559 873 confirmantem

353 938 476 1005 saepe»
494 921 520 985 ⁶.
540 920 618 989 Hoc
635 920 678 986 ad
695 921 840 987 uerbum
858 916 990 985 reddidi
1004 940 1047 985 ex
1065 916 1137 984 uita
1152 938 1173 983 a
1190 920 1230 985 P.
1250 919 1422 987 Consaluo
1439 919 1557 1006 scripta.

354 1036 454 1119 Quae
470 1035 507 1103 S.
528 1038 567 1101 P.
587 1036 632 1101 N.
651 1034 775 1121 Ignatii
792 1035 910 1112 uerba,
929 1032 1021 1100 dicta
1038 1035 1077 1102 P.
1093 1033 1281 1115 Consaluo,
1299 1036 1493 1104 confirmant
1505 1036 1558 1103 alia

354 1148 561 1219 eiusdem'S.
582 1149 695 1217 Patris
717 1149 820 1229 dicta,
843 1150 950 1217 relata
966 1171 987 1216 a
1005 1152 1044 1216 P.
1073 1151 1177 1216 Petro
1203 1148 1437 1237 Ribadeneyra
1452 1151 1484 1216 in
1501 1150 1559 1220 uita

353 1267 390 1335 S.
411 1268 451 1333 P.
470 1268 514 1334 N.
531 1264 654 1353 Ignatii
670 1264 858 1352 hispanice,
875 1264 981 1332 latine
997 1275 1032 1331 et
1048 1263 1160 1331 italice
1175 1287 1279 1351 saepe
1293 1266 1397 1348 edita,
1410 1268 1432 1333 1.
1450 1284 1479 1350 5,
1494 1286 1520 1333 c.
1533 1286 1557 1347 1,

354 1380 422 1446 ubi.
434 1380 551 1449 scribit
572 1379 674 1467 (sicut
701 1391 735 1447 et
750 1380 980 1461 orlandinus,
1002 1381 1026 1446 1.
1054 1400 1106 1461 10,
1124 1403 1160 1451 n.
1186 1381 1241 1466 65)
1259 1384 1396 1450 Patrem
1412 1383 1558 1469 lgnatium

355 1496 447 1563 Patri
459 1497 590 1584 Jacobo
608 1496 726 1563 Lainio
746 1508 760 1535 ²
780 1495 961 1575 indicasse,
985 1495 1224 1563 substantialia
1243 1496 1425 1566 Societatis
1444 1509 1559 1565 nostrae

354 1612 501 1679 instituti
517 1611 548 1681 ei
568 1632 706 1697 quoque
728 1611 896 1679 diuinitus
917 1611 1022 1678 fuisse
1043 1613 1207 1691 reumata,
1224 1611 1316 1679 sieut
1334 1615 1480 1682 reuelata
1497 1612 1556 1679 fue

352 1739 433 1795 runt
453 1727 605 1795 omnium
625 1727 769 1795 aliorum
790 1726 949 1794 ordinum
968 1728 1220 1795 fundatoribus:
1244 1730 1519 1813 quemadmodum
1530 1727 1557 1793 id

352 1842 456 1912 etiam
472 1844 509 1913 S.
526 1842 672 1931 Brigitta
685 1842 818 1911 audiuit
829 1842 896 1909 sibi
910 1842 1041 1909 dictum
1057 1864 1079 1909 a
1094 1841 1235 1909 Christo
1250 1843 1412 1925 Domino,
1426 1845 1448 1911 l.
1462 1862 1492 1926 7.
1506 1845 1556 1909 lle·

354 1960 438 2041 uel,
455 1980 486 2025 c.
507 1977 562 2041 20,
579 1960 622 2026 de
638 1957 796 2027 omnibus
812 1958 1066 2026 fundatoribus

374 2124 376 2127 -
424 2076 531 2141 Porro
547 2074 724 2142 sciendum
744 2084 809 2154 est,
828 2075 869 2141 R.
895 2076 935 2141 P.
961 2077 1103 2141 Petrum
1124 2074 1398 2161 Ribadeneyram
1421 2094 1558 2161 expresso

354 2188 545 2257 iuramento
571 2190 802 2270 confirmasse·
821 2190 937 2257 omnia
963 2211 1114 2275 prorsus,
1140 2210 1229 2274 quae
1254 2190 1391 2277 scripsit
1417 2190 1451 2257 in
1469 2189 1557 2255 tribus

354 2305 435 2373 uitis
451 2305 487 2373 S.
507 2304 641 2392 ignatii,
660 2327 804 2391 quarum
822 2304 930 2392 prima
945 2305 1036 2374 edita
1051 2315 1105 2373 est
1116 2307 1260 2393 Neapoli
1272 2305 1308 2372 in
1322 2317 1457 2390 octauo,
1477 2320 1554 2388 1572,

351 2440 396 2487 ex
412 2418 769 2509 typograhiaJosephi
786 2420 938 2501 Cacchii,
956 2422 1150 2507 subscripta
1169 2443 1189 2487 a
1211 2424 1315 2491 Petro
1335 2422 1465 2489 Dusina
1481 2420 1556 2485 vica·

354 2535 404 2603 rio
420 2535 585 2622 generali,
603 2546 637 2604 et
649 2538 782 2625 Joanne
794 2536 978 2603 Francisco
1000 2537 1205 2603 Lombardo:
1228 2538 1392 2617 secunda,
1415 2532 1556 2622 copiosior

352 2653 473 2730 multo,
492 2650 583 2719 edita
599 2663 652 2718 est
675 2652 718 2718 ab
739 2653 872 2732 eodem,
897 2674 988 2719 anno
1021 2654 1117 2736 1586,
1147 2652 1313 2737 impressa
1340 2651 1471 2721 Madriti
1484 2648 1556 2737 apud

352 2766 491 2833 uiduam
508 2766 679 2853 Alphonsi
694 2766 864 2849 Gomezii,
882 2778 917 2835 et
932 2778 1051 2854 postea
1066 2768 1223 2853 pluribus
1237 2766 1273 2835 in
1293 2768 1378 2835 locis
1399 2788 1517 2844 recusa,
1530 2778 1556 2846 et

353 2882 457 2950 uariis
469 2882 601 2970 linguis
617 2883 760 2951 reddita:
776 2883 875 2951 tertia
886 2882 1063 2970 hispanice
1078 2883 1113 2949 in
1129 2883 1212 2951 lolio
1224 2882 1316 2952 edita
1327 2896 1381 2951 est
1392 2885 1434 2951 ab
1445 2882 1555 2956 eodem.

353 3022 445 3067 anno
465 3001 561 3083 1604,
580 2999 745 3085 impressa
761 2998 893 3067 Matriti
907 2998 1003 3085 b'per
1023 3000 1238 3095 Ludouicum
1260 3001 1442 3079 Sanchetz‚
1462 3008 1494 3066 et
1506 2996 1556 3062 ite·

353 3137 427 3182 rum
443 3138 536 3183 anno
557 3116 641 3203 1609
657 3136 790 3195 recusa;
808 3126 843 3181 et
860 3125 978 3201 postea
998 3115 1131 3182 reddita
1150 3115 1255 3183 latine
1275 3138 1318 3185 ex
1339 3104 1517 3202 hispanico,
1530 3122 1556 3177 et

351 3231 533 3298 distributa
549 3231 584 3297 in
601 3230 714 3318 capita
729 3253 749 3298 a
764 3232 920 3317 Gaspare
937 3230 1212 3316 Quartemontio,
1230 3252 1311 3299 cum
1328 3252 1450 3318 graeca
1469 3230 1556 3295 inter·

351 3346 543 3431 pretatione
559 3369 579 3414 e
595 3346 736 3432 regione
751 3322 919 3432 apposita,
941 3357 977 3413 et
997 3345 1161 3432 impressa
1182 3348 1365 3434 Augustae
1384 3342 1557 3414 Vindelico·

332 3476 338 3485 “
353 3483 428 3527 rum
445 3445 538 3527 anno
558 3462 654 3541 1616,
673 3483 761 3547 quae
777 3461 902 3530 deinde
917 3459 1027 3547 posita
1042 3472 1095 3529 est
1112 3480 1151 3545 31
1163 3461 1244 3549 Julii
1257 3462 1293 3528 in
1309 3456 1556 3548 posterioreeu'·

353 3577 446 3645 tione
462 3576 609 3643 vitarum
625 3586 824 3643 sanctorum
840 3574 1018 3643 Laurentii
1039 3576 1144 3656 surii,
1162 3576 1402 3663 impressarum
1418 3570 1558 3643 Coloniae

352 3714 444 3761 anno
464 3692 561 3773 1618,
579 3689 773 3777 sumptibus
784 3690 927 3780 Joannis
943 3693 1054 3777 Kreps
1069 3702 1105 3759 et
1120 3691 1310 3759 Hermanni
1326 3691 1433 3779 Mylii.
1450 3685 1556 3757 Preti-

353 3810 393 3877 tit
406 3819 523 3875 autem
543 3810 582 3875 R.
602 3812 642 3875 P.
662 3806 899 3893 Ribadeneyra
914 3827 1016 3873 suum
1032 3806 1276 3890 iuramentum,
1294 3802 1558 3875 confirmatorium

350 3946 465 3996 rerum
481 3924 515 3990 in
534 3924 605 3991 uita
617 3925 654 3993 S.
669 3920 793 4009 Ignatii
806 3920 1023 4009 scriptarum,
1032 3921 1180 4007 juridice
1194 3922 1421 4003 examinatus
1434 3920 1557 4008 primum

350 4064 441 4109 anno
462 4056 544 4129 1595
573 4036 781 4110 authoritate
806 4036 941 4127 Camilli
969 4035 1125 4105 Caietani
1146 4038 1338 4124 patriarche
1358 4028 1556 4106 alexandrini.

351 4157 469 4225 nuncii
486 4153 662 4244 apostolici
678 4155 769 4241 apud
785 4175 902 4239 regern
924 4152 1180 4239 Hispaniarum
1198 4152 1322 4221 deinde
1337 4174 1428 4220 anno
1446 4143 1556 4220 160611

353 4274 513 4357 Octobri,
531 4272 597 4339 iam
615 4269 869 4356 octogenarius
888 4268 1095 4336 authoritate
1110 4268 1302 4355 apostolica
1320 4267 1520 4337 examinatus
1532 4260 1558 4324 in

353 4414 565 4426 ..-

405 4496 419 4523 ⁸
456 4476 551 4551 Leyni
567 4494 621 4533 ms.
660 4480 709 4519 —b
729 4458 846 4531 Matridi
857 4492 913 4533 ms.

364 4587 562 4599 —-.—-—-.

406 4644 418 4677 ⁶
455 4641 526 4697 Loc.
541 4640 603 4713 cit,
619 4656 702 4713 pags.
717 4636 815 4711 97·98.
858 4682 860 4693 .
