3500 5367
418 414 471 471 360
796 417 1005 473 Mouuusnra
1024 416 1202 475 lassamus

451 584 503 656 59.
554 571 656 635 Anno
673 567 811 635 Dorrdni
832 584 929 653 1555,
947 567 1003 637 die
1019 568 1173 655 Augusti
1198 571 1250 648 16,
1272 590 1351 636 cum
1375 572 1478 637 Pater
1498 580 1601 634 nocto
1674 557 1675 564 '

383 684 520 771 regulas
535 672 703 768 quasdam
720 685 762 751 de
778 695 899 750 mutua
922 684 1011 749 inter
1028 704 1092 749 nos
1111 684 1430 764 communicatione,
1449 695 1488 752 et
1509 685 1550 749 de
1568 705 1601 751 ea
1674 759 1675 776 ,

382 800 575 869 reuerentia
591 810 626 866 et
641 799 881 867 summissione
903 800 1020 880 animi,
1043 822 1144 886 quam
1168 822 1253 886 erga
1275 801 1470 886 superiores
1491 820 1600 886 gerere

381 916 559 993 debemus,
579 914 798 994 condidisset,
817 926 853 983 et
867 914 1060 983 ministrum
1078 916 1102 949 ¹¹
1122 916 1245 981 domus
1266 915 1516 1001 interrogasset
1533 934 1599 1001 pro·

383 1032 601 1117 mulgataene
617 1030 695 1097 illae
710 1042 827 1099 essent
841 1054 887 1098 an
902 1052 984 1112 non,
1003 1042 1154 1117 negante
1165 1030 1225 1098 illo
1236 1030 1427 1118 publicatas
1438 1052 1530 1108 esse,
1541 1031 1599 1096 ius·
1674 1089 1676 1116 ,

382 1146 428 1211 sit
446 1149 547 1214 Pater
564 1157 602 1211 ut
618 1168 685 1233 ego
700 1156 736 1211 et
753 1148 855 1213 Pater
872 1148 1021 1233 Laynez,
1040 1146 1100 1232 qui
1116 1162 1199 1213 tunc
1216 1147 1302 1219 forte
1318 1139 1511 1225 aderamus,
1528 1148 1600 1213 alter
1674 1213 1675 1216 ,

340 1344 343 1361 Ι
380 1262 420 1327 in
434 1262 590 1348 collegio,
606 1262 698 1328 domi
712 1262 810 1342 alter,
825 1260 964 1349 regulas
978 1262 1054 1329 illas
1065 1262 1312 1349 explicaremus
1324 1279 1359 1329 et
1371 1264 1417 1328 ad
1427 1262 1599 1347 perfectam
1674 1257 1676 1314 ἑ

382 1394 507 1445 earum·
518 1377 794 1446 obseurationem
813 1379 935 1445 fratres
950 1380 1176 1459 hortaremur;
1194 1388 1229 1445 et
1245 1377 1347 1443 simul
1364 1377 1465 1443 nobis
1479 1377 1599 1443 duobus
1674 1444 1676 1490 ,

383 1507 456 1561 tum
473 1492 712 1580 praesentibus
725 1492 864 1560 adiecit:
876 1491 933 1558 isti
945 1492 1091 1561 ministri
1103 1492 1377 1579 negligentiores
1389 1490 1519 1559 suntin
1530 1514 1597 1559 exa·
1674 1495 1676 1588 ζ

381 1622 438 1677 eta
464 1610 659 1677 huiusmodi
682 1609 877 1695 regularum
902 1608 1108 1688 obedientia,
1131 1607 1229 1693 quasi
1251 1630 1336 1675 uero
1354 1630 1410 1675 res
1432 1608 1520 1676 leuis
1536 1628 1596 1673 mo
1674 1606 1676 1675 ἓ

382 1726 486 1793 menti
504 1736 630 1793 essent.
652 1727 742 1791 Pues
757 1744 803 1809 yo
818 1746 857 1790 os
873 1723 1038 1802 certifico,
1057 1746 1125 1809 que
1140 1745 1197 1793 me
1210 1726 1279 1791 han
1296 1726 1438 1791 eostado
1453 1731 1475 1790 a
1490 1728 1534 1789 mi
1551 1744 1597 1788 es-

382 1854 435 1907 tas
450 1842 565 1927 reglas
579 1846 651 1906 mas
668 1841 710 1908 de
726 1840 811 1907 siete
828 1860 931 1908 uezes
942 1840 986 1906 de
1001 1822 1139 1908 oracibn
1155 1839 1369 1925 ylagrimas,
1380 1840 1432 1905 Ex
1444 1860 1515 1923 quo
1527 1859 1592 1906 con·

382 1957 484 2025 iicere
500 1957 579 2023 licet
595 1955 676 2043 quid
692 1956 736 2023 de
748 1954 1061 2023 Constitutionibus
1073 1968 1107 2021 et
1119 1953 1194 2021 aliis
1205 1954 1342 2021 maxirni
1355 1955 1520 2023 momenti
1530 1976 1596 2020 san·

382 2071 554 2138 ctionibus
570 2083 605 2139 et
621 2070 803 2140 Societatis
824 2069 959 2157 legibus
979 2069 1131 2135 iudicare
1150 2048 1356 2150 debeamus,
1371 2090 1453 2136 cum
1472 2072 1536 2135 hae
1551 2090 1594 2134 re·

383 2188 497 2273 gulae,
517 2164 605 2271 quae
622 2207 701 2271 prae
717 2185 782 2251 illis
798 2186 893 2252 leues
909 2197 1002 2264 sunt,
1021 2185 1107 2252 tanti
1123 2185 1155 2253 ei
1169 2185 1397 2265 constiterint,
1416 2198 1455 2251 ut
1471 2205 1536 2253 non
1554 2204 1593 2249 se-

383 2304 450 2369 mel
466 2314 528 2368 aut
542 2302 678 2381 iterum,
696 2302 757 2367 sed
773 2300 900 2387 septies
916 2312 952 2369 et
967 2302 1147 2386 plusquam
1164 2300 1292 2387 septies
1307 2322 1369 2387 pro
1380 2300 1431 2367 eis
1443 2313 1479 2368 et
1489 2320 1593 2366 oraue-

383 2419 427 2484 rit
443 2430 479 2487 et
493 2420 661 2503 lacrymas
678 2415 803 2483 fuderit
819 2436 936 2483 coram
952 2418 1130 2485 Deo-R.

450 2535 505 2599 60.
555 2516 685 2599 Eodem
709 2531 768 2599 die
785 2530 884 2598 iussit
906 2534 1008 2599 Pater
1028 2544 1069 2597 ut
1089 2554 1210 2601 omnes
1233 2532 1412 2599 domestici
1436 2534 1481 2598 ad
1503 2550 1592 2597 unum

381 2648 597 2735 explicationi
614 2646 810 2713 huiusmodi
827 2648 1038 2733 regularum,
1057 2667 1160 2734 quam
1182 2650 1286 2715 Pater
1308 2648 1449 2734 Laynez
1468 2648 1530 2713 sub
1548 2667 1581 2710 ve

382 2786 519 2852 sperum
535 2774 607 2830 erat
623 2761 815 2841 habiturus,
833 2760 1052 2843 interessent,
1070 2773 1106 2829 et
1122 2778 1161 2829 ut
1175 2782 1290 2849 neque
1303 2766 1478 2843 sacerdos,
1500 2780 1592 2844 neque

381 2880 568 2966 professus,
588 2898 701 2962 neque
716 2896 759 2943 err
774 2876 891 2963 primis
906 2878 1026 2944 decem
1043 2877 1204 2945 Patribus
1218 2877 1343 2964 aliquis
1357 2878 1498 2945 omnino
1515 2874 1590 2942 erci-

381 3008 532 3082 peretur,
549 2994 584 3059 id
600 2994 699 3078 quod,
714 3005 737 3033 ¹²¹
756 2994 912 3061 insolens.
928 2992 1112 3064 admodum
1131 3004 1167 3061 et
1190 2993 1391 3061 inusitatum
1417 2994 1588 3061 uidebatur.

381 3114 471 3178 Cum
487 3132 573 3196 ergo
587 3108 621 3174 in
639 3108 858 3177 refectorium
871 3130 991 3175 omnes
1002 3109 1296 3190 conuenissemuS,
1310 3121 1346 3175 et
1359 3112 1463 3176 Pater
1476 3110 1591 3193 Laynez

381 3228 416 3292 in
433 3248 495 3293 sua
511 3224 747 3292 adhortatione
763 3235 936 3310 pergeret,
954 3244 1036 3292 ecce
1055 3223 1116 3290 tibi
1129 3223 1247 3311 fragor
1259 3224 1419 3311 ingentis
1426 3225 1540 3291 ruinae
1549 3241 1589 3285 re·

381 3342 560 3409 lectorium
583 3339 748 3423 concutit,
771 3350 806 3407 et
833 3360 952 3424 omnes
979 3339 1039 3424 qui
1065 3321 1248 3406 audierunt
1274 3341 1470 3427 (audierunt
1495 3354 1590 3404 auten

382 3458 528 3545 plurimi)
545 3455 658 3523 subito
676 3469 804 3521 terrore
820 3467 1028 3523 commouet.
1052 3454 1165 3522 Finita
1184 3468 1299 3545 autem
1324 3456 1435 3523 Patris
1456 3450 1590 3522 admoui·

381 3573 477 3640 tione
490 3571 525 3637 in
540 3574 678 3637 bortum
697 3568 922 3657 regredimur,
941 3581 975 3636 et
993 3581 1121 3637 tectum
1138 3570 1326 3655 quoddam,
1340 3573 1434 3656 quod
1446 3592 1516 3638 eam
1528 3586 1590 3655 pat·

381 3700 450 3756 tem
469 3688 559 3753 horti
576 3686 797 3772 contegebat,
815 3684 849 3751 in
867 3706 969 3772 quam
986 3685 1161 3771 praecipui
1179 3688 1300 3753 Patres
1315 3709 1335 3753 a
1354 3708 1463 3753 coena
1482 3704 1576 3751 couue

381 3804 456 3871 nire
467 3813 734 3881 consueuerant,
749 3800 1039 3880 et,‘considentes,
1054 3801 1097 3869 de
1110 3802 1214 3869 rebus
1225 3801 1460 3887 spiritualibus
1472 3802 1550 3869 inter
1560 3814 1588 3859 se

381 3919 689 3985 confabulabantur
704 3928 730 3996 ¹¹,
750 3928 893 4002 repente
907 3914 1098 3982 concidisse
1115 3916 1284 3983 uidemus:
1302 3933 1338 3983 et
1354 3916 1491 4003 Domini
1510 3910 1589 3981 beni-

382 4034 547 4121 gnitatem
569 4044 604 4100 et
626 4031 737 4098 Patris
758 4030 866 4099 nostri
889 4029 1043 4117 spiritum
1065 4031 1283 4113 admiramur,
1306 4031 1377 4117 qui,
1396 4032 1462 4099 nisi
1476 4043 1587 4119 praeut

381 4148 667 4215 consuetudinem
684 4144 912 4233 praecepisset
927 4158 966 4211 ut
981 4166 1022 4213 ea
1037 4149 1120 4211 hora
1142 4145 1308 4232 expositio
1329 4148 1521 4234 regularum
1539 4143 1588 4208 fis*

433 4380 454 4406 m
492 4364 656 4434 Sequentia
677 4362 741 4417 tria
755 4360 844 4416 verba
861 4362 960 4416 delata
978 4366 1060 4416 sunt.
1097 4376 1148 4403 -u
1166 4360 1349 4417 confabulari
1371 4362 1499 4419 amata.

434 4556 456 4586 *⁴
497 4554 609 4607 Domus
624 4549 757 4606 minister
770 4550 833 4605 erat
846 4548 880 4605 P.
894 4547 1070 4604 Consalvius
1080 4548 1117 4603 de
1130 4548 1263 4608 Camars.
1279 4548 1355 4605 Vide
1368 4549 1435 4621 ejus
1445 4543 1584 4605 W·

381 4644 419 4705 le,
434 4658 531 4713 supra,
545 4657 612 4711 pag.
630 4651 689 4708 157.
