<?xml version="1.0" encoding="UTF-8"?>
<!DOCTYPE html PUBLIC "-//W3C//DTD XHTML 1.0 Transitional//EN"
    "http://www.w3.org/TR/xhtml1/DTD/xhtml1-transitional.dtd">
<html xmlns="http://www.w3.org/1999/xhtml" xml:lang="en" lang="en">
 <head>
  <title>
</title>
<meta http-equiv="Content-Type" content="text/html;charset=utf-8" />
  <meta name='ocr-system' content='tesseract 3.04.00' />
  <meta name='ocr-capabilities' content='ocr_page ocr_carea ocr_par ocr_line ocrx_word'/>
</head>
<body>
  <div class='ocr_page' id='page_1' title='image "./monumentaignati00ignagoog/monumentaignati00ignagoog_0503.png"; bbox 0 0 3500 5367; ppageno 0'>
   <div class='ocr_carea' id='block_1_1' title="bbox 380 454 1381 531">
    <p class='ocr_par' dir='ltr' id='par_1_1' title="bbox 380 454 1381 531">
     <span class='ocr_line' id='line_1_1' title="bbox 380 454 1381 531; baseline 0.007 -22"><span class='ocrx_word' id='word_1_1' title='bbox 380 456 563 513; x_wconf 73' lang='lat' dir='ltr'>merirum</span> <span class='ocrx_word' id='word_1_2' title='bbox 583 454 614 511; x_wconf 91' lang='lat' dir='ltr'>S.</span> <span class='ocrx_word' id='word_1_3' title='bbox 633 456 759 512; x_wconf 67' lang='lat' dir='ltr'>leuant</span> <span class='ocrx_word' id='word_1_4' title='bbox 777 470 799 511; x_wconf 78' lang='lat' dir='ltr'>a</span> <span class='ocrx_word' id='word_1_5' title='bbox 817 456 850 512; x_wconf 81' lang='lat' dir='ltr'>P.</span> <span class='ocrx_word' id='word_1_6' title='bbox 871 456 1028 513; x_wconf 74' lang='lat' dir='ltr'>Lancrcro</span> <span class='ocrx_word' id='word_1_7' title='bbox 1047 469 1214 515; x_wconf 69' lang='lat' dir='ltr'>corrrcrr</span> <span class='ocrx_word' id='word_1_8' title='bbox 1326 460 1381 531; x_wconf 72' lang='lat'>49³</span> 
     </span>
    </p>
   </div>
   <div class='ocr_carea' id='block_1_2' title="bbox 139 586 1422 4506">
    <p class='ocr_par' dir='ltr' id='par_1_2' title="bbox 169 586 1422 1623">
     <span class='ocr_line' id='line_1_2' title="bbox 173 586 1418 699; baseline 0.004 -22"><span class='ocrx_word' id='word_1_9' title='bbox 173 610 334 678; x_wconf 87' lang='lat' dir='ltr'>eiusdem</span> <span class='ocrx_word' id='word_1_10' title='bbox 355 609 564 697; x_wconf 89' lang='lat' dir='ltr'>probationis</span> <span class='ocrx_word' id='word_1_11' title='bbox 585 586 668 677; x_wconf 78' lang='lat' dir='ltr'>soc-ii</span> <span class='ocrx_word' id='word_1_12' title='bbox 692 610 795 678; x_wconf 86' lang='lat' dir='ltr'>obse</span> <span class='ocrx_word' id='word_1_13' title='bbox 814 630 884 676; x_wconf 91' lang='lat' dir='ltr'>non</span> <span class='ocrx_word' id='word_1_14' title='bbox 904 609 1068 679; x_wconf 84' lang='lat' dir='ltr'>inuitatos</span> <span class='ocrx_word' id='word_1_15' title='bbox 1089 612 1214 679; x_wconf 83' lang='lat' dir='ltr'>tristari</span> <span class='ocrx_word' id='word_1_16' title='bbox 1241 624 1418 699; x_wconf 82' lang='lat' dir='ltr'><strong>poterant,</strong></span> 
     </span>
     <span class='ocr_line' id='line_1_3' title="bbox 175 722 1419 812; baseline 0.006 -21"><span class='ocrx_word' id='word_1_17' title='bbox 175 724 280 793; x_wconf 89' lang='lat' dir='ltr'>iussit</span> <span class='ocrx_word' id='word_1_18' title='bbox 307 726 358 793; x_wconf 89' lang='lat' dir='ltr'>eis</span> <span class='ocrx_word' id='word_1_19' title='bbox 385 736 518 793; x_wconf 86' lang='lat' dir='ltr'>mature</span> <span class='ocrx_word' id='word_1_20' title='bbox 546 722 732 812; x_wconf 84' lang='lat' dir='ltr'>significari</span> <span class='ocrx_word' id='word_1_21' title='bbox 759 746 819 793; x_wconf 85' lang='lat' dir='ltr'>eos</span> <span class='ocrx_word' id='word_1_22' title='bbox 845 746 984 811; x_wconf 83' lang='lat' dir='ltr'>quoque</span> <span class='ocrx_word' id='word_1_23' title='bbox 1006 725 1063 796; x_wconf 87' lang='lat' dir='ltr'>die</span> <span class='ocrx_word' id='word_1_24' title='bbox 1087 730 1195 795; x_wconf 83' lang='lat' dir='ltr'>altero</span> <span class='ocrx_word' id='word_1_25' title='bbox 1213 728 1249 794; x_wconf 90' lang='lat' dir='ltr'>in</span> <span class='ocrx_word' id='word_1_26' title='bbox 1272 750 1419 799; x_wconf 86' lang='lat' dir='ltr'>romano</span> 
     </span>
     <span class='ocr_line' id='line_1_4' title="bbox 174 841 1416 929; baseline 0.005 -22"><span class='ocrx_word' id='word_1_27' title='bbox 174 841 327 928; x_wconf 87' lang='lat' dir='ltr'>collegio</span> <span class='ocrx_word' id='word_1_28' title='bbox 341 853 568 921; x_wconf 80' lang='lat' dir='ltr'>comesturos,</span> <span class='ocrx_word' id='word_1_29' title='bbox 588 855 627 908; x_wconf 92' lang='lat' dir='ltr'>ut</span> <span class='ocrx_word' id='word_1_30' title='bbox 641 843 733 909; x_wconf 90' lang='lat' dir='ltr'>bono</span> <span class='ocrx_word' id='word_1_31' title='bbox 748 852 784 910; x_wconf 89' lang='lat' dir='ltr'>et</span> <span class='ocrx_word' id='word_1_32' title='bbox 798 842 891 912; x_wconf 79' lang='lat' dir='ltr'>laeto</span> <span class='ocrx_word' id='word_1_33' title='bbox 906 858 1145 929; x_wconf 77' lang='lat' dir='ltr'>permanerent</span> <span class='ocrx_word' id='word_1_34' title='bbox 1163 845 1288 912; x_wconf 88' lang='lat' dir='ltr'>animo.</span> <span class='ocrx_word' id='word_1_35' title='bbox 1306 846 1416 913; x_wconf 90' lang='lat' dir='ltr'>Deni-</span> 
     </span>
     <span class='ocr_line' id='line_1_5' title="bbox 174 957 1418 1044; baseline 0.002 -19"><span class='ocrx_word' id='word_1_36' title='bbox 174 980 247 1043; x_wconf 87' lang='lat' dir='ltr'>que</span> <span class='ocrx_word' id='word_1_37' title='bbox 264 979 385 1027; x_wconf 89' lang='lat' dir='ltr'>0mnes</span> <span class='ocrx_word' id='word_1_38' title='bbox 400 958 618 1044; x_wconf 82' lang='lat' dir='ltr'>praecidebat</span> <span class='ocrx_word' id='word_1_39' title='bbox 635 957 833 1025; x_wconf 83' lang='lat' dir='ltr'>occasiones</span> <span class='ocrx_word' id='word_1_40' title='bbox 845 957 1050 1043; x_wconf 80' lang='lat' dir='ltr'>gemituum,</span> <span class='ocrx_word' id='word_1_41' title='bbox 1065 970 1100 1027; x_wconf 89' lang='lat' dir='ltr'>et</span> <span class='ocrx_word' id='word_1_42' title='bbox 1112 959 1297 1029; x_wconf 81' lang='lat' dir='ltr'>adhibebat</span> <span class='ocrx_word' id='word_1_43' title='bbox 1312 961 1418 1029; x_wconf 84' lang='lat' dir='ltr'>etiam</span> 
     </span>
     <span class='ocr_line' id='line_1_6' title="bbox 175 1062 1422 1163; baseline 0.004 -23"><span class='ocrx_word' id='word_1_44' title='bbox 175 1073 295 1140; x_wconf 89' lang='lat' dir='ltr'>omnia</span> <span class='ocrx_word' id='word_1_45' title='bbox 305 1072 480 1140; x_wconf 90' lang='lat' dir='ltr'>ciuilitatis</span> <span class='ocrx_word' id='word_1_46' title='bbox 492 1085 528 1142; x_wconf 90' lang='lat' dir='ltr'>et</span> <span class='ocrx_word' id='word_1_47' title='bbox 540 1062 741 1141; x_wconf 85' lang='lat' dir='ltr'>vrbanitatis</span> <span class='ocrx_word' id='word_1_48' title='bbox 752 1074 884 1141; x_wconf 85' lang='lat' dir='ltr'>aulicae</span> <span class='ocrx_word' id='word_1_49' title='bbox 894 1076 1039 1143; x_wconf 82' lang='lat' dir='ltr'>honesta</span> <span class='ocrx_word' id='word_1_50' title='bbox 1054 1074 1166 1143; x_wconf 87' lang='lat' dir='ltr'>officia</span> <span class='ocrx_word' id='word_1_51' title='bbox 1178 1097 1219 1143; x_wconf 88' lang='lat' dir='ltr'>ac</span> <span class='ocrx_word' id='word_1_52' title='bbox 1230 1075 1342 1163; x_wconf 88' lang='lat' dir='ltr'>signa,</span> <span class='ocrx_word' id='word_1_53' title='bbox 1357 1099 1422 1163; x_wconf 91' lang='lat' dir='ltr'>per</span> 
     </span>
     <span class='ocr_line' id='line_1_7' title="bbox 174 1188 1420 1276; baseline 0.006 -21"><span class='ocrx_word' id='word_1_54' title='bbox 174 1211 269 1273; x_wconf 86' lang='lat' dir='ltr'>quae</span> <span class='ocrx_word' id='word_1_55' title='bbox 285 1211 367 1257; x_wconf 87' lang='lat' dir='ltr'>suos</span> <span class='ocrx_word' id='word_1_56' title='bbox 382 1201 498 1276; x_wconf 88' lang='lat' dir='ltr'>posset</span> <span class='ocrx_word' id='word_1_57' title='bbox 512 1189 547 1254; x_wconf 93' lang='lat' dir='ltr'>in</span> <span class='ocrx_word' id='word_1_58' title='bbox 564 1200 726 1275; x_wconf 87' lang='lat' dir='ltr'>suscepto</span> <span class='ocrx_word' id='word_1_59' title='bbox 738 1188 830 1257; x_wconf 87' lang='lat' dir='ltr'>uitae</span> <span class='ocrx_word' id='word_1_60' title='bbox 842 1188 1023 1276; x_wconf 78' lang='lat' dir='ltr'>religiosae</span> <span class='ocrx_word' id='word_1_61' title='bbox 1034 1188 1193 1258; x_wconf 86' lang='lat' dir='ltr'>instituto</span> <span class='ocrx_word' id='word_1_62' title='bbox 1209 1212 1420 1262; x_wconf 83' lang='lat' dir='ltr'>conseruare</span> 
     </span>
     <span class='ocr_line' id='line_1_8' title="bbox 169 1304 1417 1392; baseline 0.002 -21"><span class='ocrx_word' id='word_1_63' title='bbox 169 1316 364 1373; x_wconf 73' lang='lat' dir='ltr'>,contentos</span> <span class='ocrx_word' id='word_1_64' title='bbox 379 1326 418 1371; x_wconf 87' lang='lat' dir='ltr'>ac</span> <span class='ocrx_word' id='word_1_65' title='bbox 435 1307 556 1387; x_wconf 89' lang='lat' dir='ltr'>laetos,</span> <span class='ocrx_word' id='word_1_66' title='bbox 574 1304 679 1372; x_wconf 89' lang='lat' dir='ltr'>ethis</span> <span class='ocrx_word' id='word_1_67' title='bbox 695 1315 869 1373; x_wconf 86' lang='lat' dir='ltr'>maternae</span> <span class='ocrx_word' id='word_1_68' title='bbox 880 1305 1142 1373; x_wconf 85' lang='lat' dir='ltr'>beneuolentiae</span> <span class='ocrx_word' id='word_1_69' title='bbox 1154 1305 1417 1392; x_wconf 85' lang='lat' dir='ltr'>significationi·-</span> 
     </span>
     <span class='ocr_line' id='line_1_9' title="bbox 175 1419 1420 1509; baseline 0.002 -21"><span class='ocrx_word' id='word_1_70' title='bbox 175 1424 260 1503; x_wconf 90' lang='lat' dir='ltr'>bus,</span> <span class='ocrx_word' id='word_1_71' title='bbox 283 1420 409 1507; x_wconf 91' lang='lat' dir='ltr'>quibus</span> <span class='ocrx_word' id='word_1_72' title='bbox 430 1419 494 1488; x_wconf 88' lang='lat' dir='ltr'>sibi</span> <span class='ocrx_word' id='word_1_73' title='bbox 519 1420 784 1487; x_wconf 88' lang='lat' dir='ltr'>domesticorum</span> <span class='ocrx_word' id='word_1_74' title='bbox 809 1442 959 1488; x_wconf 91' lang='lat' dir='ltr'>amorem</span> <span class='ocrx_word' id='word_1_75' title='bbox 983 1419 1203 1503; x_wconf 87' lang='lat' dir='ltr'>conciliabat,</span> <span class='ocrx_word' id='word_1_76' title='bbox 1229 1444 1420 1509; x_wconf 82' lang='lat' dir='ltr'>omnesque</span> 
     </span>
     <span class='ocr_line' id='line_1_10' title="bbox 177 1534 955 1623; baseline 0.001 -21"><span class='ocrx_word' id='word_1_77' title='bbox 177 1558 323 1623; x_wconf 85' lang='lat' dir='ltr'>prorsus</span> <span class='ocrx_word' id='word_1_78' title='bbox 338 1536 423 1604; x_wconf 86' lang='lat' dir='ltr'>alios</span> <span class='ocrx_word' id='word_1_79' title='bbox 439 1537 544 1623; x_wconf 84' lang='lat' dir='ltr'>longo</span> <span class='ocrx_word' id='word_1_80' title='bbox 559 1534 742 1605; x_wconf 84' lang='lat' dir='ltr'>interuallo</span> <span class='ocrx_word' id='word_1_81' title='bbox 757 1538 955 1623; x_wconf 77' lang='lat' dir='ltr'>superabat,</span> 
     </span>
    </p>

    <p class='ocr_par' dir='ltr' id='par_1_3' title="bbox 174 1652 1420 2551">
     <span class='ocr_line' id='line_1_11' title="bbox 248 1652 1420 1742; baseline 0.004 -23"><span class='ocrx_word' id='word_1_82' title='bbox 248 1655 301 1720; x_wconf 86' lang='lat' dir='ltr'>Ex</span> <span class='ocrx_word' id='word_1_83' title='bbox 317 1656 384 1720; x_wconf 93' lang='lat' dir='ltr'>hoc</span> <span class='ocrx_word' id='word_1_84' title='bbox 399 1652 559 1723; x_wconf 88' lang='lat' dir='ltr'>beneuoli</span> <span class='ocrx_word' id='word_1_85' title='bbox 573 1666 608 1720; x_wconf 89' lang='lat' dir='ltr'>et</span> <span class='ocrx_word' id='word_1_86' title='bbox 625 1653 715 1740; x_wconf 88' lang='lat' dir='ltr'>grati</span> <span class='ocrx_word' id='word_1_87' title='bbox 731 1652 844 1719; x_wconf 91' lang='lat' dir='ltr'>cordis</span> <span class='ocrx_word' id='word_1_88' title='bbox 859 1654 986 1719; x_wconf 84' lang='lat' dir='ltr'>affectu</span> <span class='ocrx_word' id='word_1_89' title='bbox 1002 1665 1121 1721; x_wconf 91' lang='lat' dir='ltr'>natum</span> <span class='ocrx_word' id='word_1_90' title='bbox 1137 1663 1258 1735; x_wconf 89' lang='lat' dir='ltr'>estut,</span> <span class='ocrx_word' id='word_1_91' title='bbox 1276 1676 1346 1742; x_wconf 88' lang='lat' dir='ltr'>quo</span> <span class='ocrx_word' id='word_1_92' title='bbox 1361 1654 1420 1724; x_wconf 87' lang='lat' dir='ltr'>die</span> 
     </span>
     <span class='ocr_line' id='line_1_12' title="bbox 177 1768 1417 1868; baseline 0.002 -32"><span class='ocrx_word' id='word_1_93' title='bbox 177 1768 344 1839; x_wconf 90' lang='lat' dir='ltr'>memoria</span> <span class='ocrx_word' id='word_1_94' title='bbox 362 1770 525 1836; x_wconf 78' lang='lat' dir='ltr'>fundatae</span> <span class='ocrx_word' id='word_1_95' title='bbox 544 1769 668 1837; x_wconf 91' lang='lat' dir='ltr'>domus</span> <span class='ocrx_word' id='word_1_96' title='bbox 689 1770 861 1856; x_wconf 82' lang='lat' dir='ltr'>professae</span> <span class='ocrx_word' id='word_1_97' title='bbox 882 1790 1043 1837; x_wconf 89' lang='lat' dir='ltr'>romanae</span> <span class='ocrx_word' id='word_1_98' title='bbox 1063 1768 1247 1856; x_wconf 87' lang='lat' dir='ltr'>quotannis</span> <span class='ocrx_word' id='word_1_99' title='bbox 1267 1790 1417 1868; x_wconf 68' lang='lat' dir='ltr'>rpnoua-</span> 
     </span>
     <span class='ocr_line' id='line_1_13' title="bbox 176 1883 1420 1972; baseline 0.002 -21"><span class='ocrx_word' id='word_1_100' title='bbox 176 1896 289 1966; x_wconf 89' lang='lat' dir='ltr'>retur,</span> <span class='ocrx_word' id='word_1_101' title='bbox 309 1890 349 1953; x_wconf 93' lang='lat' dir='ltr'>P.</span> <span class='ocrx_word' id='word_1_102' title='bbox 370 1887 509 1967; x_wconf 79' lang='lat' dir='ltr'>Petrum</span> <span class='ocrx_word' id='word_1_103' title='bbox 528 1884 710 1953; x_wconf 87' lang='lat' dir='ltr'>Codatium</span> <span class='ocrx_word' id='word_1_104' title='bbox 727 1883 838 1972; x_wconf 85' lang='lat' dir='ltr'>(cuius</span> <span class='ocrx_word' id='word_1_105' title='bbox 853 1883 1095 1971; x_wconf 84' lang='lat' dir='ltr'>procuratione</span> <span class='ocrx_word' id='word_1_106' title='bbox 1114 1908 1156 1953; x_wconf 90' lang='lat' dir='ltr'>ea</span> <span class='ocrx_word' id='word_1_107' title='bbox 1175 1885 1240 1951; x_wconf 83' lang='lat' dir='ltr'>fuit</span> <span class='ocrx_word' id='word_1_108' title='bbox 1260 1886 1420 1972; x_wconf 76' lang='lat' dir='ltr'>fundata)</span> 
     </span>
     <span class='ocr_line' id='line_1_14' title="bbox 175 1998 1415 2089; baseline 0 -21"><span class='ocrx_word' id='word_1_109' title='bbox 175 2000 235 2069; x_wconf 90' lang='lat' dir='ltr'>die</span> <span class='ocrx_word' id='word_1_110' title='bbox 251 2000 312 2068; x_wconf 92' lang='lat' dir='ltr'>illo</span> <span class='ocrx_word' id='word_1_111' title='bbox 328 2001 365 2067; x_wconf 91' lang='lat' dir='ltr'>in</span> <span class='ocrx_word' id='word_1_112' title='bbox 380 1998 565 2087; x_wconf 84' lang='lat' dir='ltr'>superioris</span> <span class='ocrx_word' id='word_1_113' title='bbox 581 2002 657 2067; x_wconf 92' lang='lat' dir='ltr'>loco</span> <span class='ocrx_word' id='word_1_114' title='bbox 673 2001 793 2069; x_wconf 88' lang='lat' dir='ltr'>sedere</span> <span class='ocrx_word' id='word_1_115' title='bbox 814 2000 960 2081; x_wconf 86' lang='lat' dir='ltr'>iuberet,</span> <span class='ocrx_word' id='word_1_116' title='bbox 981 2011 1018 2067; x_wconf 91' lang='lat' dir='ltr'>et</span> <span class='ocrx_word' id='word_1_117' title='bbox 1037 2000 1073 2067; x_wconf 91' lang='lat' dir='ltr'>in</span> <span class='ocrx_word' id='word_1_118' title='bbox 1089 2000 1222 2089; x_wconf 86' lang='lat' dir='ltr'>prandii</span> <span class='ocrx_word' id='word_1_119' title='bbox 1242 2002 1312 2071; x_wconf 88' lang='lat' dir='ltr'>fine</span> <span class='ocrx_word' id='word_1_120' title='bbox 1332 2024 1415 2068; x_wconf 88' lang='lat' dir='ltr'>san·</span> 
     </span>
     <span class='ocr_line' id='line_1_15' title="bbox 176 2116 1413 2204; baseline 0 -21"><span class='ocrx_word' id='word_1_121' title='bbox 176 2128 260 2184; x_wconf 90' lang='lat' dir='ltr'>ctus</span> <span class='ocrx_word' id='word_1_122' title='bbox 277 2120 392 2198; x_wconf 89' lang='lat' dir='ltr'>Pater,</span> <span class='ocrx_word' id='word_1_123' title='bbox 410 2118 547 2185; x_wconf 90' lang='lat' dir='ltr'>detecto</span> <span class='ocrx_word' id='word_1_124' title='bbox 563 2116 676 2204; x_wconf 87' lang='lat' dir='ltr'>capite</span> <span class='ocrx_word' id='word_1_125' title='bbox 691 2118 871 2197; x_wconf 89' lang='lat' dir='ltr'>accedens,</span> <span class='ocrx_word' id='word_1_126' title='bbox 893 2137 998 2184; x_wconf 91' lang='lat' dir='ltr'>manu</span> <span class='ocrx_word' id='word_1_127' title='bbox 1019 2127 1161 2204; x_wconf 86' lang='lat' dir='ltr'>gestans</span> <span class='ocrx_word' id='word_1_128' title='bbox 1183 2118 1413 2185; x_wconf 81' lang='lat' dir='ltr'>fundatoriam</span> 
     </span>
     <span class='ocr_line' id='line_1_16' title="bbox 174 2232 1419 2319; baseline 0 -19"><span class='ocrx_word' id='word_1_129' title='bbox 174 2234 359 2301; x_wconf 87' lang='lat' dir='ltr'>candelam</span> <span class='ocrx_word' id='word_1_130' title='bbox 387 2236 427 2299; x_wconf 88' lang='lat' dir='ltr'>P.</span> <span class='ocrx_word' id='word_1_131' title='bbox 457 2232 602 2300; x_wconf 90' lang='lat' dir='ltr'>Codatio</span> <span class='ocrx_word' id='word_1_132' title='bbox 628 2232 761 2301; x_wconf 87' lang='lat' dir='ltr'>sedenti</span> <span class='ocrx_word' id='word_1_133' title='bbox 790 2232 956 2314; x_wconf 84' lang='lat' dir='ltr'>tradebat,</span> <span class='ocrx_word' id='word_1_134' title='bbox 985 2232 1059 2319; x_wconf 86' lang='lat' dir='ltr'>ipse</span> <span class='ocrx_word' id='word_1_135' title='bbox 1086 2244 1194 2315; x_wconf 78' lang='lat' dir='ltr'>stanS,</span> <span class='ocrx_word' id='word_1_136' title='bbox 1215 2244 1252 2299; x_wconf 83' lang='lat' dir='ltr'>et</span> <span class='ocrx_word' id='word_1_137' title='bbox 1272 2234 1419 2301; x_wconf 87' lang='lat' dir='ltr'>honoris</span> 
     </span>
     <span class='ocr_line' id='line_1_17' title="bbox 175 2347 1417 2437; baseline 0.001 -21"><span class='ocrx_word' id='word_1_138' title='bbox 175 2370 286 2417; x_wconf 90' lang='lat' dir='ltr'>causa</span> <span class='ocrx_word' id='word_1_139' title='bbox 306 2348 452 2437; x_wconf 87' lang='lat' dir='ltr'>poplites</span> <span class='ocrx_word' id='word_1_140' title='bbox 472 2347 667 2430; x_wconf 85' lang='lat' dir='ltr'>inflectens,</span> <span class='ocrx_word' id='word_1_141' title='bbox 691 2359 725 2415; x_wconf 88' lang='lat' dir='ltr'>et</span> <span class='ocrx_word' id='word_1_142' title='bbox 747 2358 911 2435; x_wconf 90' lang='lat' dir='ltr'>tanquam</span> <span class='ocrx_word' id='word_1_143' title='bbox 938 2348 1148 2435; x_wconf 86' lang='lat' dir='ltr'>superiorem</span> <span class='ocrx_word' id='word_1_144' title='bbox 1171 2370 1274 2417; x_wconf 90' lang='lat' dir='ltr'>suum</span> <span class='ocrx_word' id='word_1_145' title='bbox 1296 2349 1417 2436; x_wconf 89' lang='lat' dir='ltr'>pieac</span> 
     </span>
     <span class='ocr_line' id='line_1_18' title="bbox 176 2464 544 2551; baseline 0 -20"><span class='ocrx_word' id='word_1_146' title='bbox 176 2464 342 2551; x_wconf 85' lang='lat' dir='ltr'>religiose</span> <span class='ocrx_word' id='word_1_147' title='bbox 357 2466 544 2537; x_wconf 79' lang='lat' dir='ltr'>honorans</span> 
     </span>
    </p>

    <p class='ocr_par' dir='ltr' id='par_1_4' title="bbox 139 2578 1420 4506">
     <span class='ocr_line' id='line_1_19' title="bbox 247 2578 1412 2668; baseline 0.001 -21"><span class='ocrx_word' id='word_1_148' title='bbox 247 2582 327 2647; x_wconf 89' lang='lat' dir='ltr'>Hoc</span> <span class='ocrx_word' id='word_1_149' title='bbox 344 2602 482 2667; x_wconf 91' lang='lat' dir='ltr'>quoque</span> <span class='ocrx_word' id='word_1_150' title='bbox 498 2580 572 2647; x_wconf 89' lang='lat' dir='ltr'>eius</span> <span class='ocrx_word' id='word_1_151' title='bbox 588 2602 672 2668; x_wconf 87' lang='lat' dir='ltr'>erga</span> <span class='ocrx_word' id='word_1_152' title='bbox 692 2578 898 2648; x_wconf 89' lang='lat' dir='ltr'>domesticos</span> <span class='ocrx_word' id='word_1_153' title='bbox 918 2581 1112 2649; x_wconf 88' lang='lat' dir='ltr'>declarabat</span> <span class='ocrx_word' id='word_1_154' title='bbox 1133 2602 1296 2662; x_wconf 89' lang='lat' dir='ltr'>amorem,</span> <span class='ocrx_word' id='word_1_155' title='bbox 1318 2583 1412 2667; x_wconf 92' lang='lat' dir='ltr'>quod</span> 
     </span>
     <span class='ocr_line' id='line_1_20' title="bbox 172 2695 1418 2784; baseline 0.001 -20"><span class='ocrx_word' id='word_1_156' title='bbox 172 2718 299 2765; x_wconf 88' lang='lat' dir='ltr'>omnes</span> <span class='ocrx_word' id='word_1_157' title='bbox 314 2696 513 2765; x_wconf 87' lang='lat' dir='ltr'>occasiones</span> <span class='ocrx_word' id='word_1_158' title='bbox 529 2697 678 2784; x_wconf 82' lang='lat' dir='ltr'>sugeret,</span> <span class='ocrx_word' id='word_1_159' title='bbox 695 2718 740 2763; x_wconf 81' lang='lat' dir='ltr'>ex</span> <span class='ocrx_word' id='word_1_160' title='bbox 755 2695 883 2783; x_wconf 91' lang='lat' dir='ltr'>quibus</span> <span class='ocrx_word' id='word_1_161' title='bbox 898 2696 1067 2782; x_wconf 86' lang='lat' dir='ltr'>quispiam</span> <span class='ocrx_word' id='word_1_162' title='bbox 1080 2707 1196 2783; x_wconf 85' lang='lat' dir='ltr'>posset</span> <span class='ocrx_word' id='word_1_163' title='bbox 1208 2696 1365 2784; x_wconf 87' lang='lat' dir='ltr'>cogitare</span> <span class='ocrx_word' id='word_1_164' title='bbox 1377 2719 1418 2765; x_wconf 91' lang='lat' dir='ltr'>se</span> 
     </span>
     <span class='ocr_line' id='line_1_21' title="bbox 174 2811 1416 2900; baseline 0.001 -21"><span class='ocrx_word' id='word_1_165' title='bbox 174 2812 322 2879; x_wconf 89' lang='lat' dir='ltr'>minoris</span> <span class='ocrx_word' id='word_1_166' title='bbox 337 2814 381 2879; x_wconf 88' lang='lat' dir='ltr'>ab</span> <span class='ocrx_word' id='word_1_167' title='bbox 397 2834 439 2880; x_wconf 88' lang='lat' dir='ltr'>eo</span> <span class='ocrx_word' id='word_1_168' title='bbox 454 2812 540 2893; x_wconf 88' lang='lat' dir='ltr'>fieri,</span> <span class='ocrx_word' id='word_1_169' title='bbox 559 2813 615 2879; x_wconf 88' lang='lat' dir='ltr'>uel</span> <span class='ocrx_word' id='word_1_170' title='bbox 635 2812 711 2880; x_wconf 91' lang='lat' dir='ltr'>aliis</span> <span class='ocrx_word' id='word_1_171' title='bbox 726 2811 899 2899; x_wconf 91' lang='lat' dir='ltr'>postponi.</span> <span class='ocrx_word' id='word_1_172' title='bbox 917 2813 1011 2895; x_wconf 90' lang='lat' dir='ltr'>Ideo,</span> <span class='ocrx_word' id='word_1_173' title='bbox 1029 2813 1111 2881; x_wconf 92' lang='lat' dir='ltr'>dum</span> <span class='ocrx_word' id='word_1_174' title='bbox 1127 2834 1191 2898; x_wconf 90' lang='lat' dir='ltr'>pro</span> <span class='ocrx_word' id='word_1_175' title='bbox 1206 2812 1321 2898; x_wconf 89' lang='lat' dir='ltr'>aliquo</span> <span class='ocrx_word' id='word_1_176' title='bbox 1336 2834 1416 2900; x_wconf 86' lang='lat' dir='ltr'>spe-</span> 
     </span>
     <span class='ocr_line' id='line_1_22' title="bbox 175 2926 1419 3015; baseline 0.001 -19"><span class='ocrx_word' id='word_1_177' title='bbox 175 2930 276 2997; x_wconf 89' lang='lat' dir='ltr'>cioso</span> <span class='ocrx_word' id='word_1_178' title='bbox 292 2950 435 2999; x_wconf 89' lang='lat' dir='ltr'>munere</span> <span class='ocrx_word' id='word_1_179' title='bbox 450 2929 508 2997; x_wconf 88' lang='lat' dir='ltr'>uel</span> <span class='ocrx_word' id='word_1_180' title='bbox 523 2927 685 2996; x_wconf 89' lang='lat' dir='ltr'>missione</span> <span class='ocrx_word' id='word_1_181' title='bbox 706 2950 726 2995; x_wconf 90' lang='lat' dir='ltr'>a</span> <span class='ocrx_word' id='word_1_182' title='bbox 746 2926 899 3015; x_wconf 89' lang='lat' dir='ltr'>principe</span> <span class='ocrx_word' id='word_1_183' title='bbox 919 2928 994 2995; x_wconf 87' lang='lat' dir='ltr'>viro</span> <span class='ocrx_word' id='word_1_184' title='bbox 1013 2929 1071 2995; x_wconf 87' lang='lat' dir='ltr'>uel</span> <span class='ocrx_word' id='word_1_185' title='bbox 1091 2950 1233 2996; x_wconf 90' lang='lat' dir='ltr'>romano</span> <span class='ocrx_word' id='word_1_186' title='bbox 1253 2928 1419 3015; x_wconf 88' lang='lat' dir='ltr'>pontifice</span> 
     </span>
     <span class='ocr_line' id='line_1_23' title="bbox 175 3043 1418 3131; baseline -0.002 -18"><span class='ocrx_word' id='word_1_187' title='bbox 175 3043 304 3131; x_wconf 88' lang='lat' dir='ltr'>aliquis</span> <span class='ocrx_word' id='word_1_188' title='bbox 324 3044 565 3131; x_wconf 87' lang='lat' dir='ltr'>postularetur,</span> <span class='ocrx_word' id='word_1_189' title='bbox 584 3066 662 3113; x_wconf 89' lang='lat' dir='ltr'>eum</span> <span class='ocrx_word' id='word_1_190' title='bbox 678 3066 740 3130; x_wconf 87' lang='lat' dir='ltr'>per</span> <span class='ocrx_word' id='word_1_191' title='bbox 754 3066 792 3113; x_wconf 89' lang='lat' dir='ltr'>se</span> <span class='ocrx_word' id='word_1_192' title='bbox 808 3066 879 3111; x_wconf 91' lang='lat' dir='ltr'>non</span> <span class='ocrx_word' id='word_1_193' title='bbox 898 3044 1061 3131; x_wconf 87' lang='lat' dir='ltr'>eligebat,</span> <span class='ocrx_word' id='word_1_194' title='bbox 1084 3045 1146 3111; x_wconf 85' lang='lat' dir='ltr'>sed</span> <span class='ocrx_word' id='word_1_195' title='bbox 1167 3066 1187 3111; x_wconf 88' lang='lat' dir='ltr'>a</span> <span class='ocrx_word' id='word_1_196' title='bbox 1208 3043 1418 3111; x_wconf 88' lang='lat' dir='ltr'>consultori·</span> 
     </span>
     <span class='ocr_line' id='line_1_24' title="bbox 139 3159 1417 3247; baseline 0 -20"><span class='ocrx_word' id='word_1_197' title='bbox 139 3198 144 3207; x_wconf 93' lang='lat'>·</span> <span class='ocrx_word' id='word_1_198' title='bbox 175 3164 258 3243; x_wconf 76' lang='lat' dir='ltr'>buS,</span> <span class='ocrx_word' id='word_1_199' title='bbox 287 3160 474 3247; x_wconf 87' lang='lat' dir='ltr'>praemissa</span> <span class='ocrx_word' id='word_1_200' title='bbox 500 3160 588 3229; x_wconf 90' lang='lat' dir='ltr'>seria</span> <span class='ocrx_word' id='word_1_201' title='bbox 612 3159 877 3241; x_wconf 88' lang='lat' dir='ltr'>consultatione,</span> <span class='ocrx_word' id='word_1_202' title='bbox 908 3170 1041 3229; x_wconf 88' lang='lat' dir='ltr'>certum</span> <span class='ocrx_word' id='word_1_203' title='bbox 1068 3160 1217 3246; x_wconf 88' lang='lat' dir='ltr'>aliquem</span> <span class='ocrx_word' id='word_1_204' title='bbox 1244 3160 1417 3228; x_wconf 89' lang='lat' dir='ltr'>nominari</span> 
     </span>
     <span class='ocr_line' id='line_1_25' title="bbox 175 3275 1420 3365; baseline 0.001 -22"><span class='ocrx_word' id='word_1_205' title='bbox 175 3278 282 3365; x_wconf 91' lang='lat' dir='ltr'>pleno</span> <span class='ocrx_word' id='word_1_206' title='bbox 309 3297 428 3343; x_wconf 88' lang='lat' dir='ltr'>eorum</span> <span class='ocrx_word' id='word_1_207' title='bbox 456 3275 597 3343; x_wconf 89' lang='lat' dir='ltr'>arbitrio</span> <span class='ocrx_word' id='word_1_208' title='bbox 625 3278 773 3343; x_wconf 87' lang='lat' dir='ltr'>uolebat.</span> <span class='ocrx_word' id='word_1_209' title='bbox 805 3277 958 3345; x_wconf 89' lang='lat' dir='ltr'>Eandem</span> <span class='ocrx_word' id='word_1_210' title='bbox 985 3278 1031 3341; x_wconf 94' lang='lat' dir='ltr'>ob</span> <span class='ocrx_word' id='word_1_211' title='bbox 1057 3297 1209 3359; x_wconf 91' lang='lat' dir='ltr'>causam,</span> <span class='ocrx_word' id='word_1_212' title='bbox 1232 3276 1420 3347; x_wconf 88' lang='lat' dir='ltr'>relicturus</span> 
     </span>
     <span class='ocr_line' id='line_1_26' title="bbox 175 3390 1417 3480; baseline -0.001 -20"><span class='ocrx_word' id='word_1_213' title='bbox 175 3414 283 3460; x_wconf 90' lang='lat' dir='ltr'>suum</span> <span class='ocrx_word' id='word_1_214' title='bbox 310 3394 354 3459; x_wconf 89' lang='lat' dir='ltr'>de</span> <span class='ocrx_word' id='word_1_215' title='bbox 381 3392 544 3479; x_wconf 85' lang='lat' dir='ltr'>eligendo</span> <span class='ocrx_word' id='word_1_216' title='bbox 573 3390 755 3461; x_wconf 89' lang='lat' dir='ltr'>Societatis</span> <span class='ocrx_word' id='word_1_217' title='bbox 786 3392 939 3477; x_wconf 85' lang='lat' dir='ltr'>generali</span> <span class='ocrx_word' id='word_1_218' title='bbox 970 3391 1167 3479; x_wconf 83' lang='lat' dir='ltr'>praeposito</span> <span class='ocrx_word' id='word_1_219' title='bbox 1198 3392 1417 3480; x_wconf 82' lang='lat' dir='ltr'>suffragium,</span> 
     </span>
     <span class='ocr_line' id='line_1_27' title="bbox 176 3506 1419 3589; baseline -0.002 -12"><span class='ocrx_word' id='word_1_220' title='bbox 176 3510 313 3577; x_wconf 92' lang='lat' dir='ltr'>nullum</span> <span class='ocrx_word' id='word_1_221' title='bbox 336 3506 526 3577; x_wconf 85' lang='lat' dir='ltr'>nominauit</span> <span class='ocrx_word' id='word_1_222' title='bbox 546 3530 566 3577; x_wconf 89' lang='lat' dir='ltr'>e</span> <span class='ocrx_word' id='word_1_223' title='bbox 586 3506 699 3589; x_wconf 88' lang='lat' dir='ltr'>sociis,</span> <span class='ocrx_word' id='word_1_224' title='bbox 722 3508 783 3576; x_wconf 85' lang='lat' dir='ltr'>sed</span> <span class='ocrx_word' id='word_1_225' title='bbox 803 3506 836 3574; x_wconf 91' lang='lat' dir='ltr'>ei</span> <span class='ocrx_word' id='word_1_226' title='bbox 856 3529 895 3576; x_wconf 90' lang='lat' dir='ltr'>se</span> <span class='ocrx_word' id='word_1_227' title='bbox 914 3528 1017 3575; x_wconf 90' lang='lat' dir='ltr'>suum</span> <span class='ocrx_word' id='word_1_228' title='bbox 1037 3509 1120 3575; x_wconf 88' lang='lat' dir='ltr'>dare</span> <span class='ocrx_word' id='word_1_229' title='bbox 1140 3510 1310 3576; x_wconf 91' lang='lat' dir='ltr'>calculum</span> <span class='ocrx_word' id='word_1_230' title='bbox 1331 3509 1419 3577; x_wconf 88' lang='lat' dir='ltr'>scri·</span> 
     </span>
     <span class='ocr_line' id='line_1_28' title="bbox 176 3621 1418 3712; baseline 0 -19"><span class='ocrx_word' id='word_1_231' title='bbox 176 3636 308 3712; x_wconf 86' lang='lat' dir='ltr'>pserat,</span> <span class='ocrx_word' id='word_1_232' title='bbox 325 3645 427 3710; x_wconf 87' lang='lat' dir='ltr'>quem</span> <span class='ocrx_word' id='word_1_233' title='bbox 444 3624 543 3709; x_wconf 90' lang='lat' dir='ltr'>plura</span> <span class='ocrx_word' id='word_1_234' title='bbox 559 3621 701 3690; x_wconf 88' lang='lat' dir='ltr'>aliorum</span> <span class='ocrx_word' id='word_1_235' title='bbox 717 3621 883 3710; x_wconf 84' lang='lat' dir='ltr'>suffragia</span> <span class='ocrx_word' id='word_1_236' title='bbox 904 3625 953 3711; x_wconf 79' lang='lat' dir='ltr'>(se</span> <span class='ocrx_word' id='word_1_237' title='bbox 973 3624 1046 3691; x_wconf 88' lang='lat' dir='ltr'>solo</span> <span class='ocrx_word' id='word_1_238' title='bbox 1062 3626 1220 3711; x_wconf 83' lang='lat' dir='ltr'>excepto)</span> <span class='ocrx_word' id='word_1_239' title='bbox 1240 3624 1418 3693; x_wconf 88' lang='lat' dir='ltr'>nominas·</span> 
     </span>
     <span class='ocr_line' id='line_1_29' title="bbox 176 3737 1418 3826; baseline -0.001 -18"><span class='ocrx_word' id='word_1_240' title='bbox 176 3750 269 3809; x_wconf 89' lang='lat' dir='ltr'>sent.</span> <span class='ocrx_word' id='word_1_241' title='bbox 286 3739 344 3810; x_wconf 91' lang='lat' dir='ltr'>Sic</span> <span class='ocrx_word' id='word_1_242' title='bbox 359 3740 456 3821; x_wconf 92' lang='lat' dir='ltr'>durn,</span> <span class='ocrx_word' id='word_1_243' title='bbox 474 3738 584 3807; x_wconf 91' lang='lat' dir='ltr'>morbi</span> <span class='ocrx_word' id='word_1_244' title='bbox 601 3737 635 3805; x_wconf 93' lang='lat' dir='ltr'>ui</span> <span class='ocrx_word' id='word_1_245' title='bbox 651 3739 806 3822; x_wconf 76' lang='lat' dir='ltr'>adactuS,</span> <span class='ocrx_word' id='word_1_246' title='bbox 821 3738 986 3806; x_wconf 90' lang='lat' dir='ltr'>vicarium</span> <span class='ocrx_word' id='word_1_247' title='bbox 1002 3742 1198 3826; x_wconf 87' lang='lat' dir='ltr'>generalem</span> <span class='ocrx_word' id='word_1_248' title='bbox 1214 3740 1268 3808; x_wconf 91' lang='lat' dir='ltr'>sui</span> <span class='ocrx_word' id='word_1_249' title='bbox 1283 3742 1361 3808; x_wconf 92' lang='lat' dir='ltr'>loco</span> <span class='ocrx_word' id='word_1_250' title='bbox 1374 3742 1418 3809; x_wconf 90' lang='lat' dir='ltr'>ad</span> 
     </span>
     <span class='ocr_line' id='line_1_30' title="bbox 177 3851 1416 3943; baseline -0.002 -19"><span class='ocrx_word' id='word_1_251' title='bbox 177 3869 319 3943; x_wconf 88' lang='lat' dir='ltr'>tempus</span> <span class='ocrx_word' id='word_1_252' title='bbox 335 3853 613 3943; x_wconf 89' lang='lat' dir='ltr'>consti[tu]turus</span> <span class='ocrx_word' id='word_1_253' title='bbox 628 3863 732 3936; x_wconf 86' lang='lat' dir='ltr'>esset,</span> <span class='ocrx_word' id='word_1_254' title='bbox 751 3876 829 3924; x_wconf 91' lang='lat' dir='ltr'>eum</span> <span class='ocrx_word' id='word_1_255' title='bbox 846 3851 917 3922; x_wconf 84' lang='lat' dir='ltr'>non</span> <span class='ocrx_word' id='word_1_256' title='bbox 931 3854 1006 3943; x_wconf 86' lang='lat' dir='ltr'>ipse</span> <span class='ocrx_word' id='word_1_257' title='bbox 1020 3877 1082 3942; x_wconf 93' lang='lat' dir='ltr'>per</span> <span class='ocrx_word' id='word_1_258' title='bbox 1097 3876 1148 3939; x_wconf 91' lang='lat' dir='ltr'>se,</span> <span class='ocrx_word' id='word_1_259' title='bbox 1163 3857 1224 3923; x_wconf 88' lang='lat' dir='ltr'>sed</span> <span class='ocrx_word' id='word_1_260' title='bbox 1240 3857 1416 3923; x_wconf 89' lang='lat' dir='ltr'>consulto-</span> 
     </span>
     <span class='ocr_line' id='line_1_31' title="bbox 176 3970 1416 4058; baseline -0.002 -18"><span class='ocrx_word' id='word_1_261' title='bbox 176 3996 250 4055; x_wconf 76' lang='lat' dir='ltr'>reS,</span> <span class='ocrx_word' id='word_1_262' title='bbox 272 3974 316 4040; x_wconf 91' lang='lat' dir='ltr'>ad</span> <span class='ocrx_word' id='word_1_263' title='bbox 337 3994 426 4057; x_wconf 90' lang='lat' dir='ltr'>quos</span> <span class='ocrx_word' id='word_1_264' title='bbox 447 3992 519 4037; x_wconf 85' lang='lat' dir='ltr'>rem</span> <span class='ocrx_word' id='word_1_265' title='bbox 540 3982 646 4038; x_wconf 89' lang='lat' dir='ltr'>totam</span> <span class='ocrx_word' id='word_1_266' title='bbox 675 3970 805 4051; x_wconf 91' lang='lat' dir='ltr'>reiecit,</span> <span class='ocrx_word' id='word_1_267' title='bbox 834 3972 992 4039; x_wconf 86' lang='lat' dir='ltr'>Natalem</span> <span class='ocrx_word' id='word_1_268' title='bbox 1021 3973 1216 4058; x_wconf 87' lang='lat' dir='ltr'>elegerunt.</span> <span class='ocrx_word' id='word_1_269' title='bbox 1244 3971 1305 4041; x_wconf 91' lang='lat' dir='ltr'>Sic</span> <span class='ocrx_word' id='word_1_270' title='bbox 1332 3972 1416 4038; x_wconf 91' lang='lat' dir='ltr'>dum</span> 
     </span>
     <span class='ocr_line' id='line_1_32' title="bbox 177 4085 1418 4175; baseline -0.006 -16"><span class='ocrx_word' id='word_1_271' title='bbox 177 4090 365 4159; x_wconf 87' lang='lat' dir='ltr'>Marcellus</span> <span class='ocrx_word' id='word_1_272' title='bbox 380 4086 568 4168; x_wconf 89' lang='lat' dir='ltr'>secundus,</span> <span class='ocrx_word' id='word_1_273' title='bbox 583 4108 684 4174; x_wconf 92' lang='lat' dir='ltr'>papa,</span> <span class='ocrx_word' id='word_1_274' title='bbox 697 4088 743 4153; x_wconf 91' lang='lat' dir='ltr'>ab</span> <span class='ocrx_word' id='word_1_275' title='bbox 759 4085 894 4173; x_wconf 88' lang='lat' dir='ltr'>ignatio</span> <span class='ocrx_word' id='word_1_276' title='bbox 905 4087 994 4153; x_wconf 88' lang='lat' dir='ltr'>duos</span> <span class='ocrx_word' id='word_1_277' title='bbox 1009 4109 1030 4154; x_wconf 91' lang='lat' dir='ltr'>e</span> <span class='ocrx_word' id='word_1_278' title='bbox 1046 4086 1222 4156; x_wconf 90' lang='lat' dir='ltr'>Societate</span> <span class='ocrx_word' id='word_1_279' title='bbox 1234 4088 1367 4175; x_wconf 83' lang='lat' dir='ltr'>Patres,</span> <span class='ocrx_word' id='word_1_280' title='bbox 1382 4086 1418 4153; x_wconf 87' lang='lat' dir='ltr'>in</span> 
     </span>
     <span class='ocr_line' id='line_1_33' title="bbox 178 4202 1420 4293; baseline -0.004 -19"><span class='ocrx_word' id='word_1_281' title='bbox 178 4227 246 4274; x_wconf 92' lang='lat' dir='ltr'>suo</span> <span class='ocrx_word' id='word_1_282' title='bbox 269 4204 457 4293; x_wconf 88' lang='lat' dir='ltr'>apostolico</span> <span class='ocrx_word' id='word_1_283' title='bbox 483 4202 611 4291; x_wconf 86' lang='lat' dir='ltr'>palatio</span> <span class='ocrx_word' id='word_1_284' title='bbox 631 4212 799 4289; x_wconf 86' lang='lat' dir='ltr'>perpetuo</span> <span class='ocrx_word' id='word_1_285' title='bbox 820 4223 1013 4284; x_wconf 90' lang='lat' dir='ltr'>mansuros,</span> <span class='ocrx_word' id='word_1_286' title='bbox 1037 4204 1080 4269; x_wconf 90' lang='lat' dir='ltr'>ad</span> <span class='ocrx_word' id='word_1_287' title='bbox 1101 4205 1173 4271; x_wconf 90' lang='lat' dir='ltr'>sola</span> <span class='ocrx_word' id='word_1_288' title='bbox 1195 4202 1336 4271; x_wconf 91' lang='lat' dir='ltr'>consilia</span> <span class='ocrx_word' id='word_1_289' title='bbox 1355 4225 1420 4290; x_wconf 91' lang='lat' dir='ltr'>pro</span> 
     </span>
     <span class='ocr_line' id='line_1_34' title="bbox 179 4317 1416 4405; baseline -0.001 -17"><span class='ocrx_word' id='word_1_290' title='bbox 179 4321 423 4391; x_wconf 84' lang='lat' dir='ltr'>reformatione</span> <span class='ocrx_word' id='word_1_291' title='bbox 440 4318 606 4389; x_wconf 85' lang='lat' dir='ltr'>ecclesiae</span> <span class='ocrx_word' id='word_1_292' title='bbox 622 4318 748 4400; x_wconf 90' lang='lat' dir='ltr'>danda,</span> <span class='ocrx_word' id='word_1_293' title='bbox 762 4317 929 4404; x_wconf 85' lang='lat' dir='ltr'>petiisset,</span> <span class='ocrx_word' id='word_1_294' title='bbox 944 4319 1076 4384; x_wconf 90' lang='lat' dir='ltr'>nullum</span> <span class='ocrx_word' id='word_1_295' title='bbox 1089 4318 1280 4386; x_wconf 91' lang='lat' dir='ltr'>nominauit</span> <span class='ocrx_word' id='word_1_296' title='bbox 1292 4341 1353 4405; x_wconf 89' lang='lat' dir='ltr'>per</span> <span class='ocrx_word' id='word_1_297' title='bbox 1364 4340 1416 4399; x_wconf 87' lang='lat' dir='ltr'>se,</span> 
     </span>
     <span class='ocr_line' id='line_1_35' title="bbox 179 4426 1418 4506; baseline -0.005 -1"><span class='ocrx_word' id='word_1_298' title='bbox 179 4438 244 4506; x_wconf 89' lang='lat' dir='ltr'>sed</span> <span class='ocrx_word' id='word_1_299' title='bbox 259 4438 303 4504; x_wconf 92' lang='lat' dir='ltr'>ad</span> <span class='ocrx_word' id='word_1_300' title='bbox 317 4438 556 4504; x_wconf 89' lang='lat' dir='ltr'>consultorum</span> <span class='ocrx_word' id='word_1_301' title='bbox 573 4432 737 4500; x_wconf 92' lang='lat' dir='ltr'>iudicium</span> <span class='ocrx_word' id='word_1_302' title='bbox 755 4432 898 4503; x_wconf 88' lang='lat' dir='ltr'>remisit.</span> <span class='ocrx_word' id='word_1_303' title='bbox 916 4435 971 4503; x_wconf 89' lang='lat' dir='ltr'>Ne</span> <span class='ocrx_word' id='word_1_304' title='bbox 986 4443 1101 4501; x_wconf 90' lang='lat' dir='ltr'>tamen</span> <span class='ocrx_word' id='word_1_305' title='bbox 1122 4435 1338 4505; x_wconf 85' lang='lat' dir='ltr'>consultores</span> <span class='ocrx_word' id='word_1_306' title='bbox 1349 4426 1418 4501; x_wconf 76' lang='lat' dir='ltr'>¹aut</span> 
     </span>
    </p>
   </div>
   <div class='ocr_carea' id='block_1_3' title="bbox 178 4548 1451 4755">
    <p class='ocr_par' dir='ltr' id='par_1_5' title="bbox 178 4548 1451 4755">
     <span class='ocr_line' id='line_1_36' title="bbox 179 4548 1451 4641; baseline -0.005 -20"><span class='ocrx_word' id='word_1_307' title='bbox 179 4552 398 4641; x_wconf 87' lang='lat' dir='ltr'>ignoratione</span> <span class='ocrx_word' id='word_1_308' title='bbox 419 4551 566 4619; x_wconf 89' lang='lat' dir='ltr'>alicuius</span> <span class='ocrx_word' id='word_1_309' title='bbox 586 4548 648 4631; x_wconf 88' lang='lat' dir='ltr'>rei,</span> <span class='ocrx_word' id='word_1_310' title='bbox 677 4561 737 4617; x_wconf 87' lang='lat' dir='ltr'>aut</span> <span class='ocrx_word' id='word_1_311' title='bbox 764 4552 894 4617; x_wconf 82' lang='lat' dir='ltr'>affectu</span> <span class='ocrx_word' id='word_1_312' title='bbox 920 4549 1033 4617; x_wconf 92' lang='lat' dir='ltr'>minus</span> <span class='ocrx_word' id='word_1_313' title='bbox 1061 4562 1155 4618; x_wconf 89' lang='lat' dir='ltr'>recto</span> <span class='ocrx_word' id='word_1_314' title='bbox 1176 4573 1197 4618; x_wconf 93' lang='lat' dir='ltr'>a</span> <span class='ocrx_word' id='word_1_315' title='bbox 1218 4549 1363 4619; x_wconf 86' lang='lat' dir='ltr'>ueritate</span> <span class='ocrx_word' id='word_1_316' title='bbox 1383 4561 1419 4617; x_wconf 93' lang='lat' dir='ltr'>et</span> <span class='ocrx_word' id='word_1_317' title='bbox 1448 4620 1451 4627; x_wconf 62' lang='grc'><strong>,</strong></span> 
     </span>
     <span class='ocr_line' id='line_1_37' title="bbox 178 4654 1419 4755; baseline -0.006 -17"><span class='ocrx_word' id='word_1_318' title='bbox 178 4668 355 4755; x_wconf 89' lang='lat' dir='ltr'>aequitate</span> <span class='ocrx_word' id='word_1_319' title='bbox 383 4669 616 4749; x_wconf 82' lang='lat' dir='ltr'>deflecterent,</span> <span class='ocrx_word' id='word_1_320' title='bbox 641 4668 726 4735; x_wconf 89' lang='lat' dir='ltr'>tales</span> <span class='ocrx_word' id='word_1_321' title='bbox 749 4665 965 4734; x_wconf 88' lang='lat' dir='ltr'>conditiones</span> <span class='ocrx_word' id='word_1_322' title='bbox 988 4676 1024 4733; x_wconf 91' lang='lat' dir='ltr'>et</span> <span class='ocrx_word' id='word_1_323' title='bbox 1047 4666 1174 4734; x_wconf 87' lang='lat' dir='ltr'>talenta</span> <span class='ocrx_word' id='word_1_324' title='bbox 1198 4665 1233 4732; x_wconf 90' lang='lat' dir='ltr'>in</span> <span class='ocrx_word' id='word_1_325' title='bbox 1256 4654 1419 4753; x_wconf 86' lang='lat' dir='ltr'>eligenda</span> 
     </span>
    </p>
   </div>
   <div class='ocr_carea' id='block_1_4' title="bbox 0 0 1754 5367">
    <p class='ocr_par' dir='ltr' id='par_1_6' title="bbox 0 0 1754 5367">
     <span class='ocr_line' id='line_1_38' title="bbox 0 0 1754 5367; baseline 0 0"><span class='ocrx_word' id='word_1_326' title='bbox 0 0 1754 5367; x_wconf 95' lang='lat' dir='ltr'> </span> 
     </span>
    </p>
   </div>
  </div>
 </body>
</html>
