3500 5367
401 464 455 538 534
782 464 991 519 Monuusnrr
1010 464 1187 519 luctamina

365 620 369 638 '
434 620 514 686 Ideo
541 616 663 685 merito
689 616 728 683 P.
756 614 961 683 Franciscus
981 616 1159 696 CosteruS,
1183 616 1221 684 S.
1251 614 1377 703 Ignatii
1395 614 1569 702 discipulus,

363 738 450 809 dum
466 754 577 802 essem
593 734 724 800 Romae
744 752 835 797 anno
855 731 942 798 1600
962 729 1048 796 dixit
1068 751 1177 817 papae
1197 731 1369 801 Clementi
1392 742 1505 797 octauo
1522 752 1568 797 co-

367 874 439 919 ram
456 849 531 917 aliis
549 847 710 917 Patribus
726 845 1006 934 procuratoribus
1022 845 1203 915 Societatis
1216 846 1334 927 totius,
1349 846 1408 931 qui
1419 858 1569 913 tunccon-

370 976 549 1046 uenerant,
571 985 629 1032 «se
644 984 747 1031 nosse
763 973 948 1048 utrumque
965 974 1101 1047 tempus
1113 961 1297 1031 Societatis
1309 965 1400 1049 (curn
1411 985 1430 1029 a
1441 964 1477 1031 S.
1489 964 1569 1049 tgna-

369 1082 417 1149 tio
438 1083 474 1147 in
494 1100 569 1148 earn
593 1090 752 1165 receptus
773 1077 840 1163 sit);
863 1078 1034 1145 affirmare
1053 1100 1092 1147 se
1113 1089 1241 1159 tamen,
1268 1080 1370 1145 modo
1393 1079 1573 1147 Societatem

368 1199 477 1263 multo
498 1194 621 1262 meiius
641 1216 719 1263 esse
738 1192 961 1260 constitutam
987 1205 1023 1263 et
1049 1192 1085 1260 in
1114 1193 1325 1280 perfectione
1353 1194 1570 1280 proficientem,

370 1335 472 1399 quam
490 1310 593 1380 tuerit
610 1307 667 1376 illo
688 1310 763 1396 ipso
787 1322 940 1395 tempore
959 1310 998 1378 S.
1021 1308 1157 1396 Ignatii.
1179 1312 1285 1396 Quod
1306 1311 1408 1377 etiam
1429 1310 1569 1376 modoet

370 1430 445 1515 ipsa
461 1426 687 1514 inspectione,
706 1446 794 1510 quae
811 1424 875 1491 fuit
891 1423 939 1490 illi
955 1426 1161 1493 demandata
1181 1436 1342 1511 tanquam
1364 1424 1525 1506 visitatori,
1541 1422 1567 1488 in

372 1542 552 1631 prouincia
568 1540 969 1633 Flandriaenaduertisset
986 1562 1112 1628 magna
1126 1564 1189 1608 sua
1206 1543 1417 1628 uoluptate.»

437 1661 543 1726 Hunc
562 1658 674 1743 ipsum
697 1656 871 1725 meliorem
896 1657 1004 1724 multo
1031 1677 1125 1723 nunc
1152 1657 1335 1727 Societatis
1357 1680 1432 1727 esse
1457 1672 1574 1734 statum,

372 1764 475 1861 quarn
494 1773 595 1841 fuerit
610 1784 724 1854 antea,
742 1772 824 1838 mihi
840 1772 926 1839 dixit
941 1794 1034 1839 anno
1053 1774 1138 1841 1616
1153 1775 1197 1841 Α.
1218 1776 1261 1843 R.
1279 1776 1320 1841 Ρ.
1335 1776 1380 1840 N.
1396 1774 1513 1842 Mutius
1524 1772 1571 1839 vi-

373 1892 546 1969 tellescuS‚
564 1886 749 1955 modernus
765 1898 885 1954 noster
904 1888 1086 1974 generalis,
1113 1888 1216 1974 idque
1243 1910 1281 1958 se
1301 1890 1491 1975 agnouisse,
1510 1884 1570 1953 mihi

370 2004 470 2086 dixit,
489 2026 532 2073 ex
549 2004 631 2071 uisis
647 2002 824 2090 scripturis
840 2014 875 2070 et
890 2002 988 2071 lectis
1003 2005 1127 2073 secreti
1143 2004 1296 2092 archi[vi]
1310 2004 1319 2045 ³
1333 2004 1570 2091 praepositorum

374 2120 587 2209 generalium
604 2132 826 2191 nostrorum„

440 2236 545 2323 Quod
560 2235 671 2321 ipsum
689 2236 810 2303 eodern
826 2257 917 2301 anno
934 2235 1016 2303 mihi
1032 2238 1162 2305 Romae
1176 2236 1262 2303 dixit
1278 2239 1319 2304 R.
1341 2240 1381 2305 P.
1401 2234 1572 2304 Franciscus

374 2352 577 2432 SacchinuS,
597 2352 712 2437 magni
727 2350 869 2440 i[udic]ii
882 2350 905 2434 ³,
923 2352 1125 2438 prudentiae
1139 2364 1175 2420 et
1199 2352 1338 2421 uirtutis
1356 2353 1420 2434 uir,
1442 2348 1569 2419 historio·

374 2470 528 2555 graphus
545 2466 741 2548 Societatis,
759 2468 859 2535 cuius
875 2466 1051 2534 historiam
1067 2490 1109 2536 ex
1121 2467 1258 2554 scriptis
1270 2468 1400 2536 romani
1413 2463 1569 2535 archiuiiet
1672 2443 1673 2448 ἵ

373 2584 517 2651 aliarum
541 2581 808 2668 prouinciarum,
837 2583 872 2649 in
898 2583 1049 2669 quinque
1073 2606 1217 2671 magnos
1241 2595 1355 2651 tomos
1375 2583 1571 2651 distributam.

375 2699 542 2785 usquead
559 2720 688 2765 annum
709 2700 793 2765 1600
810 2700 1028 2784 perduxerat,
1046 2711 1230 2785 antequam
1246 2700 1360 2767 factus
1379 2712 1465 2769 esset
1482 2716 1569 2765 scere·

375 2815 481 2882 tarius
496 2812 691 2894 Societatis,
709 2814 744 2879 in
761 2834 830 2899 quo
846 2814 963 2882 officio·
974 2826 1093 2883 sancte
1109 2815 1206 2883 obiit.

441 2932 546 2999 Anno
568 2930 664 3010 1616,
682 2929 747 2996 sub
764 2941 900 3015 tempus
915 2930 1196 3017 congregationis
1212 2942 1350 2999 nostrae
1365 2930 1513 3019 septimae
1522 2945 1568 3012 ge·

375 3046 500 3116 neralis
527 3045 638 3133 (cuius
658 3066 736 3131 pars
758 3044 830 3129 fui),
852 3046 939 3112 dixit
966 3046 1048 3112 mihi
1072 3048 1115 3114 R.
1139 3048 1180 3113 P.
1204 3047 1438 3115 Ferdinandus
1457 3048 1573 3116 Ponue.
1670 3035 1671 3040 ’

376 3184 521 3249 magnae
538 3160 619 3229 fidei
634 3173 669 3229 et
685 3160 904 3227 authoritatis
920 3161 985 3243 uir,
999 3173 1101 3231 antea
1117 3162 1151 3227 in
1164 3161 1333 3249 Hispania
1346 3162 1571 3241 visitatorum

375 3276 595 3363 prouincialis
612 3276 811 3357 Boethicae,
830 3278 975 3343 relatum
991 3276 1056 3345 sibi
1072 3300 1148 3346 esse
1164 3301 1184 3345 a
1201 3282 1241 3347 Ρ.
1266 3278 1447 3347 Vincentio
1465 3274 1569 3343 Madre·

376 3393 440 3473 sio,
458 3404 493 3461 et
509 3392 590 3458 huic
609 3392 737 3459 dictum
760 3414 780 3458 a
802 3394 907 3461 tratre
923 3390 1055 3470 Marco.
1073 3393 1169 3461 socio
1187 3398 1227 3461 Β.
1251 3393 1424 3475 Francisci
1443 3387 1573 3475 porgite.

378 3508 437 3593 qui
453 3508 488 3573 id
504 3530 542 3576 se
557 3531 599 3575 ex
616 3528 675 3576 ore
695 3507 803 3595 ipsius
822 3512 858 3575 B.
872 3509 1027 3595 Borgiae
1046 3508 1221 3578 audiuisse
1242 3512 1283 3577 P.
1310 3508 1483 3578 Vincentio
1498 3504 1570 3569 dire·

379 3634 441 3703 rat,
466 3624 654 3691 reuelatum
677 3622 782 3691 fuisse
808 3626 846 3693 P.
878 3625 1063 3693 Francisco
1081 3625 1240 3712 Borgiae
1267 3625 1443 3707 diuinitus,
1467 3642 1518 3708 pet
1536 3627 1573 3683 tot
1668 3629 1669 3642 ¹

298 3764 300 3769 ’
379 3753 544 3807 centenos
559 3760 667 3805 annos
684 3739 854 3809 neminem
871 3765 892 3809 e
911 3741 1084 3810 Societate
1104 3743 1302 3809 damnatum
1327 3742 1381 3825 iri,
1405 3739 1458 3825 qui
1477 3734 1571 3803 inse

380 3854 504 3923 cietate
520 3868 723 3937 moreretur,
743 3878 803 3942 per
824 3868 908 3941 quot
927 3868 1092 3926 centenos
1114 3880 1224 3925 annos
1239 3850 1351 3925 ¹etiam
1370 3860 1408 3927 S.
1429 3846 1571 3922 Benedicti

379 3970 491 4037 ordini
507 3973 574 4037 hoc
591 3970 810 4057 priuilegium
827 3986 900 4039 erat
916 3973 1082 4040 diuinitus
1097 3994 1312 4043 concessum.

447 4089 541 4155 Ante
557 4086 792 4174 quadraginta
802 4087 939 4155 circiter
954 4112 1064 4158 annos
1079 4091 1149 4179 legi
1161 4092 1291 4158 Romae
1302 4090 1457 4179 scriptam
1468 4083 1570 4155 reuela-

382 4203 523 4283 tionem,
542 4204 665 4271 tactam
683 4206 723 4271 Β.
744 4203 872 4271 Mariae
888 4206 1113 4292 Magdalenae
1128 4206 1173 4276 de
1188 4206 1321 4287 Pazzis,
1338 4203 1497 4275 Florentia
1510 4196 1570 4264 atu·

382 4330 451 4385 tam
468 4340 488 4386 a
504 4320 546 4386 R.
567 4320 669 4388 Patre
687 4320 900 4387 Bernardino
917 4322 1147 4409 Rossignoli0‚
1171 4336 1254 4391 tunc
1274 4334 1393 4391 nostro
1408 4299 1573 4408 prouinciali

381 4456 536 4515 romano,
555 4434 590 4499 in
606 4435 707 4503 cuius
726 4435 854 4523 scripto
875 4436 990 4504 italico
1013 4439 1056 4505 ad
1078 4440 1223 4507 uerbum
1248 4438 1355 4507 latine
1377 4432 1573 4505 reddituum

436 4686 444 4729 i
480 4688 599 4742 Attrita
613 4692 655 4743 est
668 4690 785 4743 ctaarta.
825 4688 867 4740 -i
888 4690 1006 4744 Attrita
1017 4690 1191 4746 esttttarto.
