3500 5367
420 416 473 475 512
773 432 776 439 ·
799 407 1008 464 Monouanra
1027 405 1205 463 tonnrnna

383 559 522 629 lieentia
537 560 707 628 ordinaria
727 560 892 648 impressa
910 563 936 627 ⁰.
956 562 995 627 ln
1010 558 1168 629 examine
1187 582 1300 647 porro,
1320 584 1340 629 a
1359 560 1493 649 praelatis
1506 563 1559 647 qui·

383 676 528 741 busdam
552 676 643 743 tacto
658 677 701 743 de
721 675 803 761 ipsis
824 674 1003 742 Exercitiis
1019 676 1179 743 mandato
1193 675 1348 745 eiusdem
1363 676 1513 764 pontificis,
1528 699 1558 744 ne

384 791 513 875 syllaba
529 790 667 877 quidem
684 791 749 858 fuit
761 802 893 859 mutata
904 792 960 858 vel
975 791 1123 860 sublata.
1137 791 1397 862 Examinatores
1407 794 1558 861 autemlue·

384 928 433 975 re:
448 908 612 993 magister
623 908 712 975 sacri
723 906 838 995 palatii
854 910 877 989 ³,
892 906 1053 974 dominus
1064 906 1140 974 vice
1152 908 1377 976 cancellarius
1391 912 1415 991 ⁸,
1428 906 1560 977 cardinalis

382 1022 466 1091 item
483 1023 527 1089 de
544 1026 681 1111 Burgos
697 1026 722 1091 ⁰.

455 1158 505 1205 10.
554 1141 607 1206 De
634 1139 750 1227 effigie
778 1143 818 1207 B.
851 1137 963 1207 Patris
987 1140 1095 1206 nostri
1118 1117 1246 1206 nullam
1270 1142 1385 1208 adhue
1410 1138 1478 1222 vidi,
1499 1160 1560 1224 quae

382 1276 463 1324 vere
485 1254 582 1321 illurn
603 1258 741 1337 referat;
767 1256 895 1322 nullam
916 1266 1032 1321 tamen
1059 1253 1130 1321 vidi
1156 1255 1279 1323 melius
1305 1265 1558 1343 representantem,

383 1392 486 1456 quarn
503 1394 544 1439 ea
563 1377 583 1451 ἲ,
609 1393 697 1455 quae
717 1393 827 1457 nuper
847 1370 904 1439 hic
924 1370 1103 1457 recognita
1123 1381 1217 1439 esta
1244 1372 1344 1439 nobis
1367 1372 1505 1458 quinque,
1520 1367 1559 1452 qui

384 1488 424 1553 B.
445 1489 582 1554 Patrem
599 1486 679 1553 oiim
707 1486 868 1570 vidimus,
892 1487 1065 1569 Patribus,
1084 1486 1236 1573 inquam,
1255 1488 1558 1559 Franctseocostao.

383 1602 552 1671 Baiduino
579 1605 623 1670 ab
649 1605 799 1690 Angelo,
830 1586 1028 1672 Eleutherio
1051 1606 1221 1685 Pontano,
1251 1603 1404 1673 Henrico
1424 1597 1560 1673 Somnalo

382 1730 418 1785 et
434 1742 454 1787 a
470 1742 536 1788 me.

450 1836 555 1920 Quod
570 1835 613 1901 ad
629 1834 719 1901 illam
736 1834 871 1916 attinet,
891 1857 979 1921 quae
995 1834 1031 1901 in
1047 1858 1088 1903 eo
1107 1837 1296 1903 coenaculo
1315 1847 1370 1903 est
1391 1853 1522 1923 appensa,
1536 1829 1559 1893 in

382 1971 453 2035 quo
470 1953 573 2019 Pater
589 1962 705 2017 noster
726 1952 893 2038 prandere
912 1952 1011 2033 solet,
1033 1950 1089 2017 illa
1111 1951 1206 2018 nullo
1227 1952 1298 2019 fere
1318 1963 1418 2039 pacto
1436 1952 1510 2016 illum
1523 1966 1559 2011 re·

383 2076 589 2152 praesentat.
610 2069 733 2136 Statua
748 2090 831 2136 vero
847 2066 904 2135 illa
925 2070 1015 2134 facta
1034 2090 1078 2135 ex
1098 2088 1222 2154 gypso,
1245 2090 1335 2153 quae
1354 2068 1472 2136 solebat
1486 2065 1560 2129 inter-

383 2184 465 2249 dum
481 2182 606 2270 exponi
622 2183 657 2249 in
677 2184 828 2269 collegio
848 2206 990 2251 romano
1011 2194 1163 2271 tempore
1183 2184 1416 2253 renouationis
1434 2192 1558 2253 votorum,

383 2301 425 2367 de
442 2280 513 2385 ¹qua
534 2302 575 2367 R.
602 2301 646 2367 V.
669 2298 877 2368 mentionem
903 2298 995 2381 facit,
1024 2301 1171 2367 multum
1198 2300 1331 2370 aceedit
1359 2302 1402 2367 ad
1429 2303 1462 2367 B.
1483 2290 1561 2363 Patris

382 2414 490 2482 nostri
513 2417 657 2481 vultum.
682 2417 769 2482 Cum
792 2416 847 2482 die
868 2416 1014 2502 quodam
1039 2426 1116 2501 post
1142 2417 1325 2502 prandium
1352 2435 1489 2486 versarer
1503 2412 1560 2474 hort

383 2530 508 2617 quietis
535 2529 785 2617 pomeridianae
805 2553 885 2597 cum
908 2534 947 2598 P.
971 2534 1014 2598 N.
1040 2532 1214 2599 Euerardo
1235 2532 1446 2600 Mercuriano
1461 2539 1488 2595 et
1502 2521 1559 2592 assi·

381 2646 552 2715 stantibus
579 2646 722 2731 aliisque
749 2658 763 2687 ¹¹
782 2647 987 2728 senioribus,
1008 2648 1114 2716 frater
1134 2660 1250 2716 noster
1275 2648 1464 2714 Ludouicus
1479 2644 1560 2726 lauti,

382 2764 621 2848 exploraturus
637 2762 665 2829 si
678 2762 775 2830 torte
796 2762 992 2829 memoriam
1013 2762 1195 2831 retinerem
1217 2765 1335 2829 vultus
1356 2762 1459 2830 Patris
1477 2751 1559 2827 nostri,

381 2900 460 2946 cum
477 2879 568 2945 illam
585 2880 691 2965 ipsam
710 2881 906 2965 adaptasset
921 2890 1069 2946 statuam
1085 2878 1121 2945 in
1141 2878 1302 2945 cubiculo
1323 2878 1475 2955 ianitoris,
1492 2882 1519 2936 vt
1532 2866 1561 2934 ad

381 2995 489 3061 instar
505 2994 618 3062 Patris
635 2972 779 3061 alicuius
795 2994 1005 3079 quiescentis
1019 3016 1122 3080 super
1137 2995 1264 3063 lectulo
1280 2995 1458 3073 videretur,
1475 2985 1561 3054 amicta

373 3123 478 3178 ‘veste
494 3110 592 3177 talari
608 3122 643 3179 et
659 3099 740 3177 curn
756 3111 844 3196 pileo
861 3112 1039 3196 quadrato,
1058 3111 1101 3176 de
1117 3110 1285 3177 industria
1302 3133 1356 3179 me
1375 3103 1513 3178 euocauit
1526 3097 1562 3163 di·

381 3247 476 3307 cens,
501 3226 651 3295 nobilem
674 3228 844 3312 quendam
867 3246 922 3292 me
942 3236 1123 3311 expectare
1143 3247 1250 3312 prope
1271 3237 1416 3312 portam.
1437 3210 1562 3291 Desceudi

383 3354 419 3406 vt
440 3342 612 3407 hominem
633 3340 867 3409 conuenirem.
889 3340 1089 3408 Ludouieus
1115 3352 1229 3407 autem
1257 3342 1305 3407 ait
1331 3340 1439 3409 iacere
1460 3353 1521 3402 eun
1540 3326 1562 3391 in

380 3456 542 3532 cubiculo
561 3455 714 3522 ianitoris
735 3457 780 3521 ob
800 3454 1023 3523 debilitatem.
1053 3456 1244 3543 Ingredior‚
1274 3472 1310 3524 et
1335 3479 1379 3525 ex
1402 3455 1466 3542 ipso
1483 3444 1564 3515 liniue

352 3562 353 3569 ἵ
382 3582 531 3639 statuam
548 3571 777 3657 conspicatus:
793 3575 848 3653 ah,
863 3571 931 3653 aio,
947 3573 986 3638 P.
1001 3572 1169 3659 IgnatiuS,
1183 3574 1223 3642 P.
1237 3573 1403 3659 ignatius!
1420 3590 1478 3656 qua
1489 3559 1563 3630 inda·

435 3779 443 3811 t
462 3797 464 3805 ·
481 3784 557 3827 eam.
594 3782 644 3811 ..u
663 3766 788 3839 aliisque
801 3767 923 3840 aliquot.

436 3920 448 3955 ⁸
485 3921 550 3991 Jam
564 3922 602 3976 ab
619 3937 696 3976 anno
715 3921 784 3990 1546
802 3920 950 3976 Exercitia
968 3918 1132 3993 spiritualia
1150 3939 1168 3976 a
1185 3920 1257 3978 sede
1279 3921 1438 3995 apostolica
1450 3902 1564 3989 approbui

382 4008 489 4080 Borgia
506 4010 692 4081 efflagitant,
711 4010 894 4075 Pounucus
915 4006 1083 4081 Chron.,‘l,
1105 4010 1232 4081 185-1863
1251 4010 1463 4076 Oritanorum,
1478 4002 1517 4067 Vl,
1533 4005 1564 4065 75:

380 4114 456 4171 quae
470 4116 547 4153 anno
562 4100 630 4169 1548
647 4098 755 4155 litteris
772 4098 943 4171 apostolicis
961 4100 1070 4155 Paulus
1086 4100 1130 4155 111
1148 4099 1243 4172 pridie
1259 4100 1398 4157 calendas
1416 4090 1520 4169 Augusti
1532 4090 1565 4137 “0²

381 4186 567 4244 confirmavit
580 4198 611 4243 et
624 4187 853 4257 commendavit,
868 4196 899 4244 et
911 4188 997 4244 simul
1016 4187 1053 4243 ad
1070 4206 1106 4244 ea
1124 4189 1314 4263 suscipienda
1331 4189 1432 4247 fideles
1447 4192 1486 4241 eat
1498 4182 1565 4236 toru-

383 4284 459 4332 tus».
475 4277 657 4350 Ponticas,
675 4276 800 4343 Chaon„
815 4278 840 4349 1,
854 4277 917 4347 267.

438 4370 447 4400 ⁷
487 4364 632 4437 Aegidius
646 4367 844 4438 FoscarariuS,
860 4364 897 4423 O.
913 4367 945 4422 P.

435 4453 448 4487 ⁸
483 4454 517 4511 Id
530 4464 587 4525 est,
602 4456 693 4512 Urbis
706 4474 740 4511 ac
754 4453 901 4529 pontilicis
915 4454 1051 4529 vicarius,
1067 4456 1220 4529 Philippus
1233 4457 1404 4514 Archintus.

436 4546 448 4579 ⁹
485 4547 616 4617 Joannes
628 4545 666 4601 de
683 4546 799 4617 Tolet0,
813 4544 851 4604 O.
866 4546 912 4615 P.‚
926 4546 1082 4602 cardinalis
1095 4548 1304 4623 burgensisac
1322 4565 1420 4604 sacrae
1436 4538 1493 4598 tidei
1506 4544 1566 4607 iffi*

383 4632 467 4689 sitor.
