3500 5367
453 455 501 508 De
520 465 613 509 norrs
631 452 662 507 S.
683 452 804 507 lourrrr
823 468 844 508 a
862 453 1091 509 Rrsautuurna
1299 452 1352 523 307

154 620 220 689 ret,
239 620 277 674 et
294 619 332 673 ut
347 628 480 683 omneS,
498 628 544 675 ne
563 624 632 671 uno
653 605 794 690 quidem
813 616 969 692 excepto,
994 586 1166 687 adessent,
1188 606 1263 675 sine
1282 606 1388 675 dubio

157 722 306 809 aliquem
324 744 367 789 ex
385 720 544 789 Patribus
560 730 687 789 tectum
713 720 796 790 illud
819 720 918 787 ruina
940 721 1141 807 oppetisset3
1164 744 1206 791 eo
1226 744 1386 808 namque,

155 848 196 905 ut
211 839 343 905 dictum
361 846 426 917 est,
445 848 599 923 tempore
615 858 636 901 a
652 856 760 905 coena
775 835 879 903 animi
895 836 1007 923 gratia
1021 858 1063 903 eo
1078 838 1146 905 loci
1167 840 1289 905 Patres
1307 860 1388 906 con·

157 956 407 1041 gregabantur.
425 952 493 1023 Ubi
513 963 629 1021 autem
643 972 718 1020 rem
741 954 843 1020 Pater
863 962 982 1021 noster
1000 952 1151 1033 resciuit,
1169 954 1256 1021 dixit
1275 956 1387 1023 Deum

158 1072 221 1137 lroc
250 1070 353 1156 signo
381 1067 571 1138 ostendisse
598 1067 798 1153 hujusmodi·
823 1069 960 1155 regulas
986 1067 1052 1135 sibi
1074 1091 1150 1138 esse
1173 1092 1243 1137 non
1270 1070 1411 1168 ingra5=

147 1198 210 1269 ¹tas
226 1188 346 1253 ‘’e-ll.

225 1302 280 1368 61.
331 1304 436 1368 Anno
457 1316 553 1385 1555,
571 1318 610 1367 21
632 1298 820 1379 Februarii,
835 1298 922 1365 dixit
934 1300 1037 1369 Pater
1049 1322 1273 1389 senunquam
1285 1302 1320 1367 in
1334 1325 1389 1371 re·

159 1416 223 1483 bus
250 1416 422 1501 grauioris
450 1413 614 1483 momenti
643 1414 825 1501 quicquam
850 1413 990 1481 solitum
1015 1416 1212 1497 decernere,
1235 1416 1338 1506 etiarn
1361 1418 1389 1485 si

161 1552 280 1601 omnes
297 1531 448 1601 rationes
464 1531 657 1618 probabiles
673 1530 828 1611 baberet,
845 1530 917 1627 nisi
928 1554 966 1599 re
986 1531 1079 1618 prius
1099 1552 1178 1599 cum
1200 1535 1275 1601 Deo
1294 1554 1389 1601 com-

159 1648 344 1715 municata.
364 1648 416 1714 Ex
431 1648 470 1714 P.
490 1646 669 1715 Ludouico
684 1646 871 1715 Gonzalez.

224 1765 280 1831 62.
331 1764 474 1850 Semper
491 1784 600 1829 uuum,
619 1762 865 1830 confessarium
885 1763 989 1829 fixum
1010 1762 1234 1849 stabilemque
1255 1765 1388 1845 habuit,

161 1877 215 1944 cui
231 1888 375 1964 peccata
387 1888 520 1949 tanturn
533 1898 596 1945 sua
609 1878 829 1963 patefacerem
844 1876 975 1963 reliqua
987 1900 1070 1945 uero
1081 1878 1249 1946 beneficia
1261 1891 1295 1947 et
1307 1900 1390 1967 gra-

161 1993 233 2075 tiaS,
251 2016 339 2079 quas
354 2016 397 2061 err
413 1993 478 2061 Dei
490 1991 723 2063 misericordia
736 1992 924 2059 uberrimas
938 1994 1231 2079 creberrimasque
1241 1994 1390 2081 accipie-

163 2109 229 2189 bat,
247 2110 462 2190 0ccultabat3
481 2128 686 2195 quamquam
707 2108 804 2175 initio
824 2108 912 2177 forte
932 2108 1168 2178 conuersionis
1190 2131 1286 2192 suae,
1310 2130 1390 2177 cum

163 2234 249 2290 esset
265 2225 381 2291 adhuc
398 2223 492 2291 rudis
508 2234 542 2293 et
558 2222 752 2291 huiusmodi
774 2244 888 2293 rerum
905 2204 1059 2311 ignarus,
1081 2225 1195 2293 omnia
1215 2226 1389 2293 consessa-

165 2339 211 2403 rio
231 2354 430 2425 exponeret,
455 2350 492 2405 ut
513 2339 557 2407 ab
576 2359 619 2405 eo
642 2338 879 2407 instrueretur.
902 2341 954 2405 Ex
975 2342 1015 2407 P.
1043 2340 1224 2407 Ludouico
1250 2342 1390 2409 Gonza-

165 2454 212 2521 lez
228 2456 346 2525 ⁹.-R.

228 2572 283 2655 63.
332 2570 534 2665 incredibile
549 2570 644 2637 dictu
660 2581 713 2639 est
729 2592 830 2656 quam
848 2570 949 2639 facile
959 2582 993 2638 et
1006 2571 1165 2657 expedite
1176 2593 1253 2641 sese
1269 2573 1305 2639 in
1317 2594 1390 2641 me-

166 2686 226 2753 diis
241 2688 460 2775 negotiorum
475 2686 639 2754 fluctibus
656 2689 760 2754 Pater
771 2698 887 2755 noster
899 2686 1088 2773 colligeret,
1103 2699 1230 2756 etcum
1246 2690 1320 2757 Deo
1334 2711 1393 2775 per

165 2803 348 2871 orationem
365 2802 605 2890 coniungeret,
623 2816 662 2869 ut
677 2802 713 2869 in
729 2812 889 2888 promptu
906 2814 941 2870 et
956 2802 1053 2889 quasi
1071 2805 1115 2869 ad
1130 2824 1271 2871 manum
1286 2806 1391 2874 deuo·

166 2916 267 2987 tionis
279 2919 438 3005 spiritum
454 2930 489 2989 et
504 2920 651 2987 fluentes
667 2920 835 3004 lacrymas
851 2920 979 2987 habere
996 2918 1181 2987 uideretur.

229 3037 284 3118 64.
333 3036 404 3104 Sed
423 3034 508 3101 illud
527 3034 629 3103 etiarn
656 3034 711 3103 uel
732 3034 879 3103 maxime
898 3035 1139 3103 obseruatione
1158 3035 1301 3121 dignum
1324 3048 1389 3119 est,

167 3153 254 3234 quod
270 3154 374 3219 Pater
390 3150 497 3236 pluris
512 3150 659 3218 faciebat
675 3150 828 3236 spiritum
851 3149 1123 3217 mortificationis
1141 3172 1244 3235 quam
1265 3151 1392 3219 oratio-

169 3266 227 3352 nis,
246 3267 311 3336 etsi
327 3266 374 3335 ita
391 3266 460 3333 sint
475 3266 622 3333 moueri
637 3277 671 3333 et
686 3266 775 3333 inter
791 3288 829 3335 se
845 3265 1032 3346 coniuncti,
1051 3277 1088 3330 ut
1104 3265 1243 3335 difficile
1254 3266 1391 3353 seiungi

167 3378 295 3464 possint
308 3395 343 3449 et
359 3378 520 3469 separari,
540 3393 575 3449 et
592 3392 736 3465 uterque
752 3380 917 3447 inseruiat
933 3379 1042 3462 alteri;
1060 3380 1224 3462 sedtum,
1248 3403 1327 3447 cum
1349 3384 1392 3452 de

169 3497 316 3566 oratione
337 3498 552 3585 loquebatur,
576 3496 623 3565 ita
650 3498 866 3581 loquebatur,
896 3517 937 3564 ac
964 3496 993 3563 si
1013 3497 1112 3583 praui
1133 3499 1278 3565 affectus
1298 3518 1393 3565 com-

170 3613 269 3695 pressi
298 3624 332 3682 et
352 3612 546 3680 mortificati
567 3611 633 3681 iam
654 3624 783 3695 essent,
806 3624 841 3681 et
861 3614 932 3681 huc
952 3612 1068 3679 omnia
1088 3615 1271 3682 referebat.
1295 3616 1393 3699 Quo-

168 3725 262 3808 circa,
278 3750 356 3795 cum
370 3730 413 3797 de
425 3728 572 3815 quodam
592 3728 665 3795 uiro
682 3728 739 3815 pio
754 3738 788 3795 et
805 3728 968 3814 religioso
979 3728 1068 3795 inter
1080 3730 1293 3815 loquendum
1306 3730 1393 3796 inci·

170 3840 270 3913 disset
293 3866 417 3927 sermo,
440 3855 476 3911 et
498 3846 601 3912 Pater
621 3843 820 3911 Ludouicus
843 3845 1018 3913 Gonzalez
1041 3845 1171 3913 diceret
1196 3844 1292 3911 illum
1319 3825 1407 3913 esse*

171 3956 275 4027 ulrum
296 3960 425 4028 multae
445 3959 620 4041 orationis,
645 3962 749 4029 Pater
769 3980 856 4027 uoce
878 3971 1088 4027 commutata
1109 3961 1244 4029 adiecit:
1267 3970 1320 4028 est
1342 3962 1396 4028 uir

171 4078 310 4161 magnae
325 4074 609 4143 mortificationis¹
630 4092 672 4159 23
690 4074 867 4142 Februarii
888 4090 985 4160 1555.
1421 4166 1424 4169 ἡ

233 4192 286 4274 65.
335 4192 411 4276 lpse
428 4159 511 4258 ueio
528 4192 631 4259 Pater
646 4188 693 4257 ita
708 4202 781 4257 erat
797 4212 937 4257 suorum
955 4185 1332 4276 affectuum'dominus‚
1358 4207 1394 4260 ut

172 4306 327 4389 magister
343 4306 502 4373 Andreas
521 4304 664 4371 Frusius
684 4305 812 4373 diceret
834 4306 979 4391 gratiam
1001 4307 1066 4376 Dei
1087 4310 1338 4392 quodammodo
1359 4308 1394 4375 in

174 4416 269 4488 Patre
296 4420 359 4489 sibi
387 4420 606 4509 congenitam
628 4430 662 4489 et
682 4419 779 4505 quasi
800 4422 1060 4490 connaturalem
1083 4422 1203 4505 uideri;
1228 4424 1278 4491 sic
1301 4425 1392 4492 enirn

219 4602 231 4629 ⁰
266 4590 395 4661 Sequens
415 4590 633 4661 paragraphus·
653 4588 838 4643 caracellotus
859 4594 912 4644 est.
953 4607 1001 4645 -ν
1023 4592 1107 4660 Quae
1130 4594 1163 4647 in
1183 4596 1394 4666 paragraphis

174 4672 215 4745 63,
227 4676 271 4749 64,
284 4684 312 4734 et
324 4679 359 4748 65
372 4678 530 4777 bonbentur,
543 4677 711 4733 cancellata
724 4683 807 4733 sunt.
