3500 5367
450 485 604 543 Censura
626 484 660 540 P.
681 489 815 542 Auaozu
833 501 866 542 ru
888 499 983 542 utrau
1002 487 1034 541 S.
1055 488 1179 543 Iouuru
1344 487 1397 556 733

184 641 457 724 eomenparonle
474 646 494 705 a
510 644 614 706 hazer
628 642 756 706 mucha
771 619 919 706 cortesia
935 661 958 726 y
974 617 1084 706 honra
1105 642 1160 707 los
1177 659 1246 725 que
1265 651 1364 709 antes
1388 666 1439 708 no

187 758 320 822 hazian
336 757 501 837 caso‘de13
519 779 542 842 y
559 777 659 822 como
676 754 733 821 uio
750 766 824 825 esto
846 757 877 821 el
902 768 1023 823 sancto
1048 762 1168 837 varon,
1194 779 1232 824 se
1256 759 1313 824 sue'
1338 765 1361 825 ὁ
1381 760 1435 825 los

188 883 331 938 montes
347 873 462 940 donde
478 883 614 939 estuuo.

263 989 294 1052 Y
310 989 343 1056 el
359 988 470 1054 Padre
487 989 601 1054 Araoz
617 990 703 1054 solia
719 987 813 1054 dezir
829 1009 896 1072 que
914 988 946 1055 le
962 987 1117 1055 acaescio
1134 1009 1177 1054 en
1195 999 1268 1057 este
1284 997 1434 1056 monter's

190 1114 339 1169 nuestro
357 1104 468 1171 Padre
486 1125 555 1170 una
570 1125 651 1170 cosa
667 1114 742 1170 arto
758 1105 910 1186 notable,
929 1106 962 1169 la
976 1105 1056 1188 qual
1075 1115 1235 1189 tampoco
1250 1111 1324 1171 esta
1339 1128 1383 1172 en
1400 1108 1431 1172 el

190 1217 284 1285 libro
300 1221 343 1286 de
360 1241 401 1285 su
418 1219 510 1299 uida,
528 1242 552 1304 y
567 1242 617 1300 eS,
636 1240 705 1304 que
721 1242 765 1287 en
781 1220 883 1303 aquei
899 1230 1017 1286 monte
1030 1225 1109 1285 auia
1122 1241 1190 1286 una
1203 1241 1297 1303 cruz,
1311 1243 1334 1307 y
1347 1224 1433 1288 solia

190 1357 237 1420 yr
252 1349 396 1400 nuestro
412 1335 526 1403 Padre
542 1335 679 1403 adonde
694 1335 814 1402 estaba
829 1345 904 1400 esta
919 1355 1002 1400 cruz
1018 1341 1038 1399 a
1054 1356 1150 1402 rezar
1165 1336 1217 1402 las
1232 1334 1318 1404 siete
1331 1339 1439 1403 horas

191 1450 380 1518 canonicas
407 1457 427 1516 a
447 1472 508 1518 sus
529 1450 688 1536 tiempos;
711 1473 734 1536 y
755 1456 775 1516 a
794 1451 881 1516 cabo
904 1451 947 1516 de
968 1452 1116 1536 algunos
1135 1451 1209 1518 dias
1229 1471 1298 1536 que
1320 1453 1432 1517 conti-

190 1569 310 1634 nuaba
325 1578 397 1636 este
414 1577 514 1633 santo
530 1566 704 1647 exercitio,
723 1566 1035 1652 apareseieronsete
1048 1588 1116 1633 una
1129 1589 1216 1654 gran
1232 1569 1437 1653 temporada

196 1681 268 1770 [en]
284 1683 316 1748 el
332 1705 414 1769 ayre
430 1704 492 1768 por
508 1682 641 1749 encima
657 1685 701 1748 de
717 1684 750 1749 la
764 1704 847 1750 cruz
868 1683 1032 1749 manadas
1052 1682 1096 1748 de
1116 1683 1306 1768 serpientes
1330 1705 1352 1768 y
1375 1705 1430 1749 es-

195 1798 378 1884 corpiones
393 1822 415 1884 y
431 1811 524 1865 otras
541 1797 692 1867 uisiones
704 1797 860 1880 orribles3
874 1820 896 1882 y
909 1797 1056 1883 siempre
1069 1797 1304 1884 permanescid
1318 1800 1357 1865 P.
1374 1800 1436 1884 Ig-

195 1913 298 1979 nacio
314 1935 357 1980 en
374 1935 416 1980 su
433 1925 553 1980 sancto
569 1913 749 1994 exercici0,
768 1936 791 1999 y
806 1919 855 1981 asi
874 1913 996 1981 uencio
1013 1915 1044 1980 al
1062 1914 1130 1980 mal
1145 1911 1287 2000 espiritu
1304 1915 1329 1980 ¹.

267 2030 435 2097 Tambien
461 2051 505 2116 oy
527 2031 621 2098 dezir
641 2031 673 2096 al
695 2032 736 2096 P.
761 2031 891 2110 Araoz,
915 2050 1047 2115 queen
1072 2031 1259 2096 Barcelona
1282 2019 1436 2096 tambien

195 2151 277 2212 auia
293 2145 473 2213 acaescido
490 2168 559 2212 una
575 2167 656 2212 cosa
678 2147 852 2213 notabiea
873 2156 1014 2214 nuestro
1038 2146 1161 2214 Padre.
1187 2147 1267 2231 Que
1290 2157 1437 2214 nuestro

199 2263 315 2328 Padre
338 2264 457 2330 estaba
478 2283 522 2328 en
546 2262 680 2346 aqueila
704 2260 829 2328 ciudad
852 2262 1076 2347 aguardando
1100 2261 1328 2347 oportunidad
1353 2283 1435 2346 para

197 2389 298 2446 tener
324 2377 441 2463 pasaje
461 2397 543 2462 para
564 2375 727 2456 Venecia3
750 2399 784 2461 y,
810 2397 949 2462 aunque
973 2381 1052 2442 auia
1075 2375 1364 2457 embarcaciones,
1391 2399 1441 2442 no

196 2494 341 2559 estaban
369 2493 571 2578 aparejados
597 2513 680 2578 para
705 2494 809 2560 hezer
830 2512 870 2557 su
894 2492 995 2575 uiaje,
1020 2491 1343 2579 yasiP.1gnacio
1367 2495 1435 2578 yba

196 2607 346 2693 siempre
361 2615 381 2674 a
397 2610 449 2674 las
463 2607 625 2694 yglesias,
644 2630 667 2694 y
682 2594 939 2692 oya'sermones
955 2629 977 2692 y
993 2605 1096 2673 misas
1112 2627 1177 2673 con
1189 2610 1315 2674 mucha
1331 2628 1432 2673 reue·

196 2723 318 2790 rencia
332 2747 355 2809 y
370 2723 552 2804 deuocion‚
570 2722 742 2809 yandaba
761 2743 826 2789 con
845 2744 891 2787 un
909 2741 1000 2800 sacr),
1019 2722 1176 2804 descaleo
1196 2724 1230 2789 el
1250 2743 1297 2788 un
1319 2722 1386 2807 pie,
1412 2746 1439 2806 y

198 2863 244 2907 en
260 2840 292 2905 el
308 2850 398 2921 otro,
416 2860 484 2924 que
500 2861 557 2906 era
577 2839 692 2905 donde
714 2843 805 2904 tenia
824 2839 855 2903 el
877 2838 957 2918 mal,
984 2847 1079 2924 traya
1105 2859 1175 2904 una
1198 2839 1385 2924 alpargata,
1413 2863 1435 2923 y

198 2954 489 3041 descaperuoadm
507 2976 530 3038 y
546 2975 628 3039 para
644 2975 706 3039 oyr
723 2955 773 3020 los
788 2975 964 3021 sermones
980 2973 1018 3019 se
1034 2955 1177 3020 sentaba
1193 2974 1258 3020 con
1271 2955 1322 3020 los
1334 2954 1441 3020 nidos

198 3093 244 3137 en
261 3072 312 3137 las
329 3072 466 3156 gradas3
485 3093 507 3155 y
524 3091 572 3135 un
588 3070 658 3150 dia,
676 3068 853 3153 doming0‚
872 3091 940 3134 una
962 3078 1088 3136 seriora
1103 3067 1269 3155 principa]
1284 3070 1327 3136 de
1349 3073 1430 3137 Bar·-

251 3291 264 3322 ¹
302 3286 377 3341 Tota
398 3287 472 3351 haec
493 3250 622 3339 narratio
643 3283 681 3338 de
703 3282 845 3355 producta
862 3281 971 3353 Ignatii
989 3283 1019 3338 in
1036 3283 1178 3355 spelunca
1195 3284 1304 3340 Montis
1323 3285 1440 3341 Serrati

198 3374 439 3446 commoratione,
453 3371 613 3444 rejicienda
626 3371 753 3443 videtur,
769 3379 872 3444 utpote
886 3387 944 3426 non
958 3379 1155 3427 consentanea
1168 3371 1256 3428 dictis
1269 3383 1435 3430 nostrorum
1535 3371 1538 3378 ’

199 3464 386 3536 scriptorum,
399 3463 451 3536 qui
463 3481 511 3518 res
524 3462 690 3533 ignatianas
702 3459 810 3516 litteris
823 3460 1008 3520 mandarunt.
1024 3461 1099 3516 Nam
1112 3462 1142 3516 in
1156 3461 1268 3534 primis,
1287 3471 1319 3518 ut
1337 3463 1371 3520 P.
1388 3464 1442 3518 Pi—

197 3555 266 3610 nius
282 3561 363 3609 recte
376 3551 596 3623 animadvertit,
609 3551 687 3606 Acta
700 3551 894 3616 Sanctorum,
909 3551 965 3605 loc.
978 3549 1041 3622 cit,
1058 3551 1086 3620 ξ.
1102 3549 1154 3604 IV:
1173 3551 1278 3623 «Quod
1295 3553 1433 3624 exiguam

199 3643 342 3715 temporis
356 3657 464 3696 moram
477 3640 605 3696 Sanctus
618 3639 661 3695 ibi
677 3638 809 3709 traxerit,
824 3637 933 3694 indicio
950 3649 996 3695 est
1016 3639 1120 3695 modus
1138 3641 1273 3696 narrandi
1293 3657 1336 3713 ea,
1358 3659 1438 3715 quae

198 3731 258 3787 isto
270 3733 335 3787 loco
348 3731 391 3802 [in
403 3731 504 3789 Monte
517 3729 649 3800 Serrato]
659 3728 767 3799 gessit,
779 3727 857 3800 apud
869 3727 1107 3800 Ribadeneiram,
1119 3729 1268 3786 Maffeium
1282 3739 1370 3804 atque
1380 3731 1439 3790 Or—

199 3819 404 3876 landinum»...
423 3819 461 3874 Et
483 3818 585 3890 paucis
602 3817 778 3889 interjectis,
795 3834 887 3887 agens
909 3815 946 3871 de
972 3827 1162 3874 monumento
1184 3818 1280 3874 Patris
1303 3819 1439 3892 Araozii,

198 3909 277 3982 quod
289 3925 369 3964 nune
381 3907 506 3979 edimus,
522 3906 601 3962 idern
614 3907 739 3979 scriptor
751 3905 882 3977 subjicit:
894 3905 972 3961 «Sed
982 3907 1031 3963 illa
1044 3924 1103 3963 non
1113 3907 1207 3962 ausim
1217 3910 1353 3980 probare,
1366 3910 1434 3982 quia

195 4000 257 4072 jam
267 3999 329 4071 jam
341 3997 430 4054 dictis
442 4013 500 4052 non
513 4013 672 4053 consona.»
685 3999 724 4051 Et
740 4004 821 4051 certe
833 3995 905 4068 quid
922 4003 985 4052 erat
1001 4013 1054 4052 cur
1071 3997 1126 4052 hoc
1148 4004 1280 4053 tacerent
1301 3998 1344 4055 illi
1365 3999 1434 4055 scri-

198 4098 309 4162 ptores,
322 4087 381 4143 imo
394 4096 425 4142 et
437 4087 502 4159 ipse
516 4086 659 4158 [gnatius
673 4103 794 4141 narrans
807 4102 860 4140 sua
873 4083 951 4141 sacta
967 4085 1049 4141 Patri
1066 4087 1226 4142 Consalvio
1244 4087 1280 4143 de
1298 4088 1441 4145 Camara?

198 4177 276 4232 Vide
288 4193 388 4249 supra,
402 4192 472 4248 pag.
489 4187 536 4244 47,
549 4173 600 4246 qui
613 4174 695 4229 locus
707 4189 765 4228 non
779 4172 865 4228 modo
878 4189 936 4230 non
946 4176 1069 4246 praebet
1082 4192 1182 4230 ansam
1195 4175 1264 4230 talia
1274 4177 1437 4247 cogitandi,

197 4265 251 4322 sed
265 4265 396 4337 omnino,
409 4265 468 4320 nisi
481 4263 621 4331 fallimur,
634 4281 700 4318 eam
712 4262 800 4318 tollit.
815 4261 861 4318 cf.
874 4262 1058 4334 POLANCUS,
1071 4263 1197 4334 Chron„
1207 4265 1232 4334 1,
1248 4265 1291 4321 18.
1303 4266 1436 4323 Praeter·

199 4371 235 4410 ea
251 4353 397 4427 quaedam
413 4353 445 4409 in
461 4352 526 4425 ipsa
545 4350 664 4408 Araozii
682 4348 849 4406 narratione
866 4350 1138 4425 deprehenduntur,
1157 4372 1233 4426 quae
1251 4355 1367 4427 probari
1385 4357 1435 4411 vix

198 4451 333 4517 possunt,
347 4451 381 4499 ut
392 4440 593 4498 consideranti
606 4440 732 4512 patebit.
746 4438 860 4494 Eodem
873 4438 961 4495 modo
974 4439 1166 4512 rejiciendum
1177 4449 1223 4498 est
1233 4442 1435 4500 testimonium

198 4531 346 4604 Onuphrii
358 4532 443 4588 Pauli
453 4531 578 4603 Genera,
590 4528 739 4601 Ignatium
751 4527 782 4584 in
795 4531 937 4601 spelunca
951 4531 1179 4587 monserratensi
1192 4549 1245 4604 per
1257 4540 1374 4605 tempus
1385 4534 1436 4590 aii·

197 4622 278 4697 quod
294 4621 492 4695 permansisse
510 4620 599 4675 etiam
617 4618 786 4690 statuentis,
806 4618 885 4690 quod
905 4617 1107 4676 testimonium
1130 4620 1215 4676 affert
1237 4631 1267 4677 et
1289 4623 1439 4696 improbat

201 4713 354 4782 Asnam,
369 4711 521 4772 Historia,
545 4717 567 4764 t.
583 4710 607 4780 1,
621 4709 672 4764 lib.
687 4709 709 4779 1,
725 4724 789 4780 cap.
805 4706 832 4762 3.
