3500 5367
399 532 453 606 342
778 534 987 590 Mouuurnra
1006 534 1187 590 leserunt

364 698 401 756 et
418 686 616 754 autoritatis
637 686 729 773 apud
749 708 833 754 suos
853 698 889 754 et
908 685 1019 753 nostri
1042 684 1280 768 amicissimus
1304 696 1341 753 et
1362 684 1400 751 in
1425 684 1582 769 colloquio

366 803 434 890 (cui
460 824 528 889 ego
549 822 686 889 quoque
707 802 901 887 intereram)
921 801 1041 869 incidit
1062 822 1174 869 sermo
1194 802 1238 869 de
1262 802 1409 886 quadam
1434 800 1581 878 foemina,

366 939 455 1005 quae
482 919 573 1004 apud
599 916 791 985 ¹Bononiam
815 917 1000 984 multorum
1024 938 1182 987 sermone
1203 929 1322 984 sancta
1344 896 1578 995 celebrabatun

366 1032 565 1119 saepissime
581 1031 672 1101 enim
689 1032 886 1119 rapiebatur
897 1032 932 1098 in
944 1032 1101 1113 extasim,
1115 1031 1279 1119 mysteria
1291 1031 1457 1119 passionis
1466 1030 1580 1097 domini

367 1148 475 1216 nostri
486 1151 570 1237 Jesu
588 1146 720 1216 Christi
736 1169 799 1214 suo
815 1168 958 1234 corpore
978 1148 1183 1234 perferebat,
1205 1146 1358 1234 spineam
1379 1168 1533 1215 coronam
1550 1146 1580 1211 in

367 1264 492 1351 capite,
512 1267 640 1331 uulnus
655 1263 690 1330 in
706 1265 825 1346 latere,
844 1274 880 1330 et
894 1262 961 1330 alia
979 1263 1016 1330 id
1034 1284 1147 1349 genus
1166 1264 1287 1344 multa,
1308 1285 1398 1349 quae
1415 1284 1500 1329 uera
1515 1283 1583 1329 osse

368 1379 458 1448 idem
476 1381 580 1449 Pater
604 1379 817 1466 Reginaldus
838 1378 949 1465 (cuius
969 1400 1072 1445 curae
1091 1377 1217 1446 tradita
1236 1389 1310 1445 erat
1331 1376 1366 1444 in
1392 1376 1585 1445 monasterio

371 1495 530 1581 quodam)
548 1495 786 1575 confirmabat,
804 1503 839 1561 et
855 1514 892 1560 se
908 1492 1023 1561 omnia
1038 1492 1110 1560 suis
1125 1493 1235 1561 oculis
1254 1492 1394 1573 uidisse,
1418 1506 1453 1562 et
1471 1502 1580 1559 tracta-

372 1612 464 1679 uisse
491 1610 663 1692 manibus,
692 1622 727 1679 et
750 1608 853 1679 certis
876 1608 1118 1697 experimentis
1139 1608 1310 1677 didicisse.
1336 1608 1473 1676 Adiecit
1493 1608 1583 1677 etiam

368 1728 534 1812 quaedam
553 1727 627 1796 eius
643 1728 799 1812 exempla
809 1727 858 1793 de
877 1724 1072 1795 obedientia
1092 1724 1269 1813 singulari:
1292 1726 1387 1809 quod
1408 1744 1488 1791 cum
1504 1734 1582 1791 esset

369 1844 416 1911 ita
432 1865 537 1929 supra
552 1864 675 1910 sensus
691 1835 825 1910 eleuata
841 1853 875 1909 et
892 1853 989 1910 extra
1004 1862 1042 1909 se
1058 1841 1179 1928 posita,
1197 1841 1240 1907 ad
1260 1862 1383 1909 uocem
1404 1853 1516 1907 tamen
1532 1861 1583 1905 su-

371 1956 525 2045 perioris
542 1980 580 2027 se
597 1956 765 2037 uocantis,
782 1955 898 2023 statim
911 1956 955 2023 ad
970 1979 1007 2025 se
1023 1955 1149 2023 rediret
1164 1967 1199 2022 et
1215 1955 1406 2025 orationem
1427 1956 1582 2040 relinque·

371 2084 423 2143 ret
438 2085 505 2141 etc.
531 2074 620 2141 Cum
636 2082 749 2139 autem
770 2072 828 2141 ille
849 2074 962 2141 bonus
982 2075 1086 2139 Pater
1108 2072 1280 2140 dubitaret
1302 2083 1397 2139 certa
1419 2092 1463 2139 ne
1484 2078 1584 2140 essent

370 2189 436 2258 Dei
452 2188 674 2257 inhabitantis
689 2186 802 2274 signa,
816 2208 860 2255 an
873 2188 1049 2257 daemonis
1060 2186 1262 2275 decipientis
1271 2188 1441 2277 figmenta
1454 2198 1487 2255 et
1499 2208 1582 2273 prae·

370 2303 486 2392 stigia,
503 2316 539 2373 et
562 2304 771 2372 sententiam
794 2303 907 2371 Patris
924 2304 1035 2371 nostri
1054 2304 1099 2370 dc
1119 2304 1186 2371 hac
1206 2326 1244 2373 re
1263 2303 1470 2388 exquirerct3
1494 2306 1584 2370 Pater

372 2434 500 2489 noster:
520 2430 653 2487 tantum
673 2442 715 2489 ex
736 2418 897 2487 omnibus
918 2442 1006 2506 quae
1027 2417 1157 2500 dixisti,
1182 2422 1297 2500 Pater,
1320 2420 1455 2486 nullum
1477 2418 1587 2485 melius

368 2534 542 2617 inditium,
559 2535 684 2621 inquit,
703 2534 817 2617 uideo,
836 2556 938 2621 quam
955 2536 1047 2622 quod
1066 2535 1111 2605 de
1130 2546 1286 2622 prompta
1304 2535 1498 2604 obedientia
1514 2555 1583 2600 nar·

369 2651 454 2719 rasti
470 2653 496 2723 ⁴.
516 2654 700 2737 Postquam
718 2673 803 2719 uero
819 2650 876 2718 ille
891 2650 987 2732 abiit,
1005 2671 1073 2738 ego
1088 2652 1183 2719 solus
1197 2653 1308 2718 solum
1321 2652 1459 2720 Patrem
1470 2671 1584 2718 conue

372 2768 441 2849 nie,
464 2779 499 2836 et
520 2788 649 2852 quaero
668 2789 711 2835 ex
731 2768 801 2849 illo,
825 2766 907 2853 quid
927 2766 1118 2835 sentiatde
1140 2766 1337 2834 huiusmodi
1360 2768 1476 2835 rebus.
1500 2768 1585 2834 Tunc

370 2883 444 2951 iile:
468 2882 569 2963 scito,
592 2883 706 2963 Petre‚
728 2881 903 2969 proprium
924 2883 990 2952 Dei
1011 2904 1088 2951 esse
1108 2883 1144 2949 in
1168 2881 1318 2976 animam
1338 2882 1446 2964 illabi,
1467 2896 1501 2951 et
1514 2880 1587 2967 quia

374 2997 515 3085 spiritus
531 3009 586 3064 est
597 3010 635 3065 et
651 2997 807 3085 spiritum
824 3008 929 3079 amat,
947 2997 981 3063 in
997 3020 1040 3065 eo
1055 3010 1217 3084 operatur
1226 3010 1267 3066 et
1286 3020 1325 3065 se
1342 2997 1502 3080 infundit3
1520 2997 1587 3063 dia·

372 3112 472 3180 bolus
487 3124 616 3199 autern,
635 3112 933 3227 quoniamneffirdt
947 3112 997 3181 ita
1011 3113 1046 3181 in
1063 3112 1214 3181 animum
1230 3113 1385 3195 inintere,
1400 3112 1547 3183 exterius
1558 3110 1587 3174 in

373 3250 515 3315 corpore
534 3240 696 3315 operatur
716 3240 737 3295 ¹:
760 3238 796 3294 et
816 3228 917 3296 simul
939 3229 1133 3315 exemplum
1152 3228 1278 3297 adiecit
1296 3230 1342 3298 de
1360 3230 1519 3315 quodam,
1539 3224 1587 3311 qui

373 3344 421 3411 ita
436 3342 632 3429 rapiebatur
647 3342 683 3409 in
700 3343 855 3427 extasim3
874 3356 929 3424 et,
940 3343 1048 3431 prima
1063 3366 1171 3411 uxore
1182 3344 1257 3414 uita
1271 3346 1403 3426 functa,
1416 3344 1589 3413 secundm

373 3458 484 3540 duxit,
503 3470 538 3527 et
553 3459 667 3526 subita
682 3470 792 3527 morte
807 3458 1020 3547 interceptus
1031 3472 1084 3528 est
1099 3467 1118 3527 ¹.
1134 3462 1190 3528 De
1200 3455 1589 3530 Francisco-Mansinoin

375 3573 487 3641 Tiuoli
502 3584 645 3643 etc-r.

446 3690 495 3757 16.
542 3691 599 3757 Ad
620 3691 763 3759 eandem
784 3712 856 3759 rem
877 3690 1036 3777 pertinet,
1058 3692 1152 3777 quod
1171 3702 1253 3759 ante
1272 3712 1382 3759 annos
1403 3710 1447 3759 20
1466 3684 1588 3759 memini

376 3825 431 3873 me
442 3828 486 3874 ex
501 3804 606 3873 fratre
626 3806 811 3873 audiuisse.
828 3808 921 3873 Cum
941 3806 1033 3875 enim
1052 3808 1259 3895 Magdalena
1273 3806 1365 3874 della
1379 3807 1473 3875 Cruz
1487 3806 1521 3873 in
1535 3802 1589 3871 Hi·

376 3920 495 4006 spania
510 3920 656 3988 maxima
672 3919 865 3988 sanctitatis
882 3920 1043 4009 opinione
1058 3922 1207 4003 floreret,
1233 3933 1270 3990 et
1290 3924 1334 3988 ab
1360 3921 1518 3989 omnibns
1529 3922 1592 3987 tere

375 4046 537 4121 tanquam
553 4036 597 4102 de
612 4039 708 4103 coelo
723 4038 818 4124 lapsa
835 4036 936 4125 uirgo
951 4038 1134 4121 coleretur;
1152 4047 1189 4105 et
1204 4036 1310 4105 frater
1322 4037 1462 4123 quidam
1476 4052 1590 4110 noster,

377 4150 546 4219 Martinus
561 4153 604 4219 de
620 4154 728 4221 Santa
741 4155 867 4239 Cruce,
881 4153 941 4240 qui
958 4176 1033 4223 eam
1051 4153 1185 4223 uiderat
1198 4165 1235 4221 ct
1248 4152 1448 4241 loquentem
1464 4150 1588 4221 audiue

430 4346 442 4375 r
478 4331 551 4386 Post
563 4332 635 4388 haec
647 4332 769 4387 addidit
783 4332 906 4388 Natalis
920 4333 1049 4405 proprio
1066 4341 1175 4388 mansa·
1187 4332 1253 4388 Deo
1264 4334 1466 4406 permittente3
1479 4348 1528 4405 pro
1558 4346 1591 4383 er·

377 4435 484 4563 calnon
497 4436 564 4475 esse
578 4420 627 4479 illa
640 4431 721 4478 certa
734 4422 819 4493 signa
830 4420 1007 4477 sanctitatis.
1044 4436 1091 4465 -ε
1110 4421 1273 4493 &pantio
1289 4423 1422 4494 quinque
1438 4422 1524 4478 nardo
1535 4420 1594 4473 rant

377 4508 412 4564 ob
425 4508 547 4564 iterato.

431 4664 444 4696 ⁴
481 4661 574 4728 Haec,
587 4676 677 4733 supra
689 4660 778 4717 etium
791 4660 870 4719 dicta
887 4678 905 4718 a
921 4663 1093 4735 comino,
1106 4660 1242 4719 adhibuit
1257 4677 1374 4736 quoque
1389 4662 1593 4719 Rrsanm

379 4748 410 4806 in
429 4750 500 4806 Vita
514 4750 633 4823 Ignatii
649 4750 780 4817 emur,
794 4751 846 4807 tib.
861 4753 897 4823 V,
912 4768 978 4824 cap.
993 4764 1038 4807 to.
1161 4777 1165 4782 ·
