3500 5367
377 503 411 558 P.
430 477 619 560 Luuovicus
637 503 841 560 Cousauvrus
859 513 904 556 ua
922 501 956 556 P.
976 501 1099 558 Sauone
1117 501 1296 558 Rouumcro
1362 511 1417 571 7⁰7

210 654 392 724 materiam
407 677 603 724 sermonum
620 641 684 722 toti
701 664 867 724 terrarum
884 653 958 721 orbi
973 655 1231 742 praeberemus?
1247 655 1322 722 Nec
1337 653 1450 722 famae

211 773 259 837 P.
278 769 427 840 Simonis
444 769 634 840 timendum
651 780 715 838 est.
734 772 822 838 Nam
840 782 875 838 et
891 770 935 836 de
950 769 1123 856 apostolis,
1142 791 1231 854 quae
1253 781 1446 850 narrentur,

209 885 354 968 scimus;
373 897 409 952 et
424 887 468 952 de
484 885 559 953 aliis
574 885 676 954 etiarn
692 885 828 972 magnis
840 885 925 952 uiris
938 886 1086 972 produnt
1098 885 1271 967 historiae,
1286 905 1372 971 quas
1384 887 1448 952 ha-

209 1003 366 1074 buerunt
380 1001 415 1068 in
434 1001 504 1068 uita
521 1001 619 1087 quasi
640 999 905 1068 uicissitudines.
925 1003 979 1068 Ac
995 1001 1144 1086 denique
1163 1000 1198 1068 in
1224 1001 1449 1086 sequentibus

207 1116 447 1184 voluminibus
463 1116 638 1186 Historiae
654 1128 792 1184 nostrae
808 1116 900 1183 bona
915 1117 958 1183 de
975 1138 1016 1184 eo
1037 1127 1072 1182 et
1087 1115 1272 1182 laudabilia
1293 1116 1449 1202 exempla

208 1233 457 1314 narrabuntur,
487 1244 526 1298 ut
552 1232 680 1319 dignus
708 1233 846 1300 tandem
874 1243 1036 1318 appareat
1060 1231 1229 1318 dignitate
1257 1230 1447 1298 fundatoris

209 1347 411 1433 prouinciae
427 1347 516 1428 talio,
536 1359 604 1414 etc.
1198 1415 1200 1422 ,

280 1464 376 1530 Haec
394 1461 489 1545 mihi,
507 1463 636 1549 optime
653 1465 769 1545 Pater,
785 1475 993 1531 succurrunt
1010 1464 1053 1530 ad
1065 1464 1292 1530 consolandos
1304 1484 1363 1530 eos
1378 1466 1446 1530 Pa-

177 1604 184 1614 ·
206 1590 295 1654 tres
313 1599 414 1662 quae,
432 1599 531 1665 rogo,
549 1580 594 1647 V.
613 1579 656 1647 R.
674 1572 820 1664 accipiat
836 1587 876 1645 'ea
893 1581 985 1645 bona
1005 1579 1196 1661 uoluntate,
1215 1601 1283 1664 qua
1303 1577 1443 1664 protuli3

205 1703 247 1760 et
263 1691 422 1779 ignoscat
438 1693 575 1780 ineptiis
591 1703 625 1760 et
646 1693 833 1780 prolixitati
854 1715 962 1776 meae;
986 1705 1020 1760 et
1041 1693 1136 1760 iuuet
1157 1715 1212 1762 me
1233 1692 1445 1761 orationibus

203 1819 248 1874 et
263 1808 439 1876 sacrifieiis
455 1810 539 1891 suia,
557 1821 596 1876 ut
612 1813 676 1877 hoc
693 1821 761 1876 tam
779 1785 879 1899 graui
896 1831 935 1876 ac
952 1812 1096 1877 molesto
1112 1817 1255 1878 munere
1276 1810 1318 1876 ad
1335 1808 1444 1875 maxi-

203 1946 302 1988 mam
318 1924 384 1990 Dei
400 1925 546 2011 gloriam
562 1936 597 1992 et
612 1929 779 1993 honorem
797 1927 938 1992 Petrum
956 1938 1163 2006 nostrorum,
1179 1925 1237 2012 qui
1250 1946 1329 1991 cum
1342 1923 1444 1991 Chri-

201 2051 441 2126 storegnant,
459 2051 495 2108 et
516 2040 709 2121 utilitatem,
728 2054 831 2126 atque
847 2041 963 2123 etiam,
982 2041 1011 2107 si
1027 2041 1100 2108 fieri
1117 2052 1242 2128 potest,
1261 2041 1303 2106 ad
1320 2059 1445 2105 conso·

200 2154 372 2222 lationem
389 2155 540 2222 omnium
557 2159 705 2242 posthae·
715 2159 853 2243 fungar.

277 2272 299 2336 6
314 2270 427 2337 Martii
448 2271 544 2338 1616.

278 2387 318 2451 R.
338 2388 381 2452 V.
401 2386 565 2473 indignus
581 2387 617 2452 in
633 2387 772 2454 Christo
788 2409 927 2467 seruuS,

786 2505 1015 2572 Fanucrscus
1039 2504 1260 2572 Saccumus

278 2618 382 2683 Initio
397 2619 566 2703 epistolae.
585 2618 738 2705 Epistola
756 2621 796 2686 P.
817 2619 982 2688 Sacchini
1004 2620 1047 2685 de
1069 2623 1109 2686 P.
1133 2618 1275 2686 Simone
1296 2616 1440 2711 Roderi-

198 2755 299 2820 guez
315 2729 401 2822 [aial.
934 2715 944 2768 J

798 2899 849 2979 78

335 3004 376 3095 Ρζ
402 3030 675 3098 LUDOVICUS
697 3030 998 3106 eousnevrus
1022 3031 1084 3096 uu
1108 3028 1336 3144 canaan·

617 3166 724 3213 PATRI
749 3166 887 3227 JACOBO
913 3167 1029 3214 MIRON

662 3318 750 3361 noua
764 3319 800 3360 20
812 3319 882 3373 unu
898 3287 967 3377 1534
982 3310 1004 3364 ¹.

199 3427 311 3484 Causa
333 3431 371 3485 P:
395 3429 530 3485 Simonis
553 3430 707 3486 Roden'eii
729 3429 843 3488 Romae
860 3433 945 3503 apud
963 3431 1119 3504 Ignatinm
1137 3429 1379 3502 actm-Magna
1391 3429 1441 3485 de·

259 3518 347 3572 missi
359 3521 459 3574 nnimi
470 3520 696 3593 significatione
708 3519 889 3576 sententiam
904 3520 1083 3577 Rodericius
1100 3521 1199 3584 audit,
1218 3521 1315 3574 eidem
1333 3518 1439 3572 obtem·

256 3609 545 3678 paraturae-Mox
557 3610 690 3682 superbit
702 3615 731 3665 et
747 3609 847 3664 multu
865 3615 972 3666 contra
985 3610 1141 3684 [gentium
1152 3610 1284 3682 profert,
1295 3611 1439 3679 paratus,

259 3697 425 3767 diplomate
438 3699 597 3770 pontificio
614 3699 741 3764 obtento,
759 3700 797 3753 ab
812 3698 877 3770 ejus
899 3682 1067 3755 obedientia
1089 3700 1252 3766 (Μαίας
1273 3699 1324 3752 sed
1345 3697 1439 3762 bren,

261 3786 325 3841 Deo
334 3792 392 3860 per
405 3771 564 3861 ignatium
576 3793 605 3843 et
618 3789 827 3844 Solnteronem
840 3787 1022 3863 opitulante,
1035 3789 1195 3861 resipiscit.

262 3997 269 4027 ¹
307 3993 392 4048 Hanc
405 3993 560 4066 epistolam
573 3996 665 4050 habes
678 3994 709 4050 in
721 3994 768 4051 his
781 3995 1007 4062 Mouuuttutts,
1022 3995 1176 4067 Epistulae
1196 3994 1321 4060 Mutae,
1339 4001 1363 4049 t.
1387 3993 1438 4064 lv,
1492 4057 1495 4066 .

197 4099 288 4155 pags.
306 4082 433 4152 18o191.
447 4083 568 4139 Praeter
581 4101 669 4139 manu
682 4083 824 4157 scriptum
837 4083 880 4139 ibi
892 4083 1027 4152 citatum,
1042 4083 1119 4139 unde
1133 4083 1258 4156 epistola
1268 4098 1378 4137 excusa
1387 4081 1437 4136 de·

198 4181 340 4244 prompta
351 4171 420 4243 tuit,
433 4175 559 4229 habetur
571 4175 770 4246 apographum
783 4172 916 4244 ejusdem
931 4172 1112 4228 monumenti
1127 4172 1156 4227 in
1175 4171 1316 4227 fasciculo
1335 4169 1436 4224 Consu

199 4263 242 4316 P.
260 4261 393 4316 Simonis
407 4261 589 4340 Radrigues,
602 4279 620 4332 4
633 4263 676 4334 ll,
690 4281 740 4318 nn.
756 4261 812 4333 5·8.
