3500 5367
465 464 653 521 Processus
670 466 882 521 azrarrmuus
899 470 1029 521 coum
1047 466 1205 521 lanarum
1361 466 1414 537 589

213 615 273 681 tio'
286 626 300 655 ⁰
320 616 518 701 prestattum
543 616 697 682 Enecum
719 618 763 684 de
785 618 937 702 Layolla,
959 638 1021 703 per
1041 640 1102 685 vos
1122 618 1320 704 preffattum
1337 620 1441 686 domi·

206 724 311 811 num,
331 730 365 797 in
382 730 607 817 prejudicium
624 730 873 817 jurisdictionis
893 732 978 801 etin
995 732 1255 803 diminutionem
1276 734 1446 817 eiusdem,

213 848 346 915 scilicet
362 846 506 934 predicti
522 848 650 913 domini
667 849 883 929 correctoris,
897 850 1026 935 judicis
1045 849 1206 916 ordinarii
1229 850 1335 918 totius
1355 851 1449 920 dicte

214 963 403 1049 provincie,
426 965 615 1045 detentum,
635 966 720 1034 etin
737 967 908 1051 praesenti
927 966 942 1006 ‘¹
963 966 1103 1035 ciuitate
1127 967 1349 1053 Pampilonae
1370 968 1448 1036 siue

213 1080 249 1145 in
265 1080 460 1147 carceribus
476 1079 741 1167 episcopallibus
757 1067 995 1151 arestatum'et
1010 1082 1262 1151 incarceratum
1278 1095 1304 1163 ⁶,
1321 1084 1448 1181 debeat

216 1195 412 1287 [remittere]
424 1197 467 1263 ad
480 1198 674 1283 preffattum
690 1196 870 1284 egregium
887 1197 998 1263 virum
1011 1198 1186 1266 dominum
1203 1211 1445 1280 correctorem,

214 1323 378 1396 tanquam
395 1313 440 1377 ad
459 1332 560 1379 suum
578 1313 730 1399 judicem
746 1313 956 1381 ordinarium
977 1313 996 1395 f,
1020 1336 1080 1401 per
1095 1316 1253 1383 eumdem
1270 1314 1445 1382 dominum

215 1438 459 1509 correctorem,
473 1439 635 1513 tanquam
647 1428 858 1497 ordinarium
865 1429 1030 1514 judicem,
1040 1430 1283 1517 corrigendum
1294 1443 1330 1498 et
1342 1431 1447 1498 easti-

216 1544 424 1628 gandumlet
440 1542 651 1629 puniendum
668 1556 695 1627 ⁸,
712 1544 795 1612 dicit
811 1557 847 1614 et
862 1544 1001 1632 allegat.

283 1659 326 1723 Et
342 1656 450 1743 primo
466 1658 572 1745 igitur
588 1660 702 1727 dictus
718 1670 930 1746 procurator,
949 1660 1087 1728 nomine
1103 1682 1173 1746 quo
1188 1683 1305 1748 supra,
1319 1663 1448 1750 allegat

214 1786 250 1841 et
266 1776 309 1842 ad
326 1775 497 1860 predictos
512 1777 657 1845 effectus
677 1787 713 1842 et
729 1776 816 1842 fines
836 1776 920 1842 dicit
940 1778 1033 1861 quod
1049 1786 1102 1843 est
1122 1778 1296 1844 notorium
1316 1790 1352 1845 et
1372 1800 1448 1843 ma·
1476 1758 1483 1770 ⁸

213 1888 376 1957 nifestum
394 1890 408 1929 ¹¹
424 1890 459 1957 in
471 1892 562 1976 jure,
581 1890 724 1989 quodflin
740 1876 886 1958 dellictis
901 1892 1025 1961 debeat
1046 1894 1173 1960 habere
1188 1894 1300 1961 locum
1326 1895 1450 1962 remis-

213 2004 284 2085 si0,
297 2017 331 2071 et
348 2008 452 2091 quod,
471 2007 679 2091 vbicumque
691 2007 768 2092 quis
784 2005 990 2092 delliquerit,
1005 2009 1097 2093 quod
1113 2030 1173 2094 per
1185 2009 1337 2094 judicem
1353 2010 1447 2076 ordi·
1493 2005 1498 2013 ’

213 2120 348 2187 narium
369 2122 459 2189 illius
481 2123 545 2189 loci
574 2123 651 2189 talis
678 2124 894 2208 dellinquens
921 2122 965 2189 sit
986 2135 1022 2192 et
1045 2124 1161 2191 veniat
1181 2125 1389 2210 puniendus3
1413 2138 1473 2211 et..
1522 2183 1524 2208 ,

213 2236 303 2303 tallis
324 2225 550 2323 dellinquens',
580 2238 659 2307 licet
686 2238 844 2325 aufugiat
872 2240 917 2304 ad
944 2238 1056 2306 alliam
1084 2240 1308 2326 provinciam,
1332 2252 1446 2309 tamen
1523 2219 1528 2300 1

213 2353 309 2436 quod
325 2354 369 2419 ad
385 2353 594 2440 provinciam
612 2355 669 2421 vbi
685 2353 840 2440 delliquit
852 2365 906 2423 est
920 2354 1144 2434 remitendus
1166 2356 1313 2425 maxime
1329 2357 1447 2442 previa

212 2468 447 2553 requisitione.
467 2472 556 2537 Cum
578 2470 685 2555 igitur
705 2470 878 2557 praefatus
894 2472 1033 2537 Enecus
1056 2472 1099 2538 de
1120 2473 1260 2557 Layolla
1279 2472 1448 2558 dellique-

212 2584 268 2667 n‘t,
283 2596 319 2650 et
334 2585 471 2653 dellicta
491 2586 585 2653 varia
601 2599 636 2655 et
657 2586 795 2656 diuersa
818 2607 859 2652 ac
874 2586 1028 2657 enormia
1051 2586 1086 2653 in
1102 2586 1256 2672 predicta
1271 2587 1447 2673 provincia

210 2702 439 2769 commisserit
454 2714 488 2772 et
504 2702 765 2788 perpetrauerit,
783 2702 883 2769 cuius
899 2702 1086 2787 provincie,
1101 2714 1140 2767 ut
1159 2702 1363 2788 premissum
1376 2716 1441 2783 est,

210 2820 327 2886 dictus
342 2819 501 2886 dominus
529 2820 648 2885 doctor
662 2819 706 2887 de
721 2819 754 2884 la
781 2816 892 2904 Gama
913 2827 967 2884 est
983 2817 1090 2903 judex
1113 2817 1317 2899 ordinarius3
1336 2818 1442 2905 igitur

209 2946 352 3023 apparet
379 2936 472 3021 quod
488 2936 531 3000 de
543 2935 621 3020 jure
637 2934 750 3001 dictus
766 2934 903 2999 Enecus
926 2933 969 3000 de
986 2934 1138 3019 Layolla,
1162 2956 1222 3019 per
1237 2954 1300 3001 vos
1316 2936 1442 3020 preffa-

212 3065 283 3119 tum
300 3052 477 3119 dominum
497 3053 670 3130 detentus,
689 3050 803 3117 veniat
829 3061 864 3117 et
880 3048 925 3115 sit
952 3048 1163 3117 remitendus
1179 3051 1222 3115 ad
1245 3052 1440 3135 preffattum
1507 3054 1510 3059 ’

209 3168 387 3236 dominum
407 3178 647 3245 correctorem,
674 3176 835 3252 tanquam
859 3166 902 3233 ad
923 3187 1023 3232 suum
1044 3165 1195 3252 judicem
1216 3165 1439 3247 ordinarium,

117 3368 122 3378 Ι
208 3307 279 3351 non
295 3284 510 3352 obstantibus
523 3282 703 3369 quibusuis
723 3281 990 3368 allegationibus
1006 3293 1041 3347 et
1056 3282 1170 3357 causis
1189 3303 1231 3348 ac
1251 3280 1442 3348 rationibus

208 3400 510 3470 in'escusationem
528 3420 659 3479 eorum,
678 3400 738 3483 per
758 3398 939 3483 preliatum
962 3399 1119 3465 Enecum-
1135 3397 1179 3466 de
1201 3398 1341 3482 Layolla
1355 3398 1439 3464 alle·

207 3516 299 3603 gatis
314 3528 349 3583 et
364 3514 559 3602 propositis3
578 3526 613 3591 et
629 3512 805 3598 signanter
821 3532 890 3579 non
907 3514 1066 3579 obstante
1076 3513 1247 3597 quaddam
1264 3523 1439 3598 pretenssa

207 3632 283 3699 siue
298 3643 429 3699 asserta
449 3630 656 3717 allegatione
677 3627 860 3715 priuillegii
880 3628 1072 3707 clericellis,
1096 3629 1190 3713 quod
1209 3628 1347 3713 quidem
1368 3629 1437 3715 pri·

206 3731 386 3842 uillegium
402 3746 540 3813 minime
556 3746 669 3813 dictus
685 3746 820 3812 Enecus
836 3747 880 3813 de
897 3746 1037 3830 Layolla
1053 3743 1211 3813 habuerit
1232 3766 1296 3812 nec
1319 3746 1435 3826 habet;

206 3876 242 3933 et
258 3865 306 3933 ita
329 3885 490 3951 expresse
507 3848 665 3949 ¹negatur
688 3861 799 3931 eidem
815 3860 833 3943 ¹,
853 3862 945 3946 quod
961 3861 1034 3947 i'pse
1050 3862 1174 3928 habeat
1191 3861 1270 3928 talle
1285 3859 1438 3945 priuille-

206 3980 303 4067 gium
316 3978 485 4046 clericalle
498 3987 656 4065 pretextu
668 3978 825 4044 allicuius
837 3986 988 4044 tonsure.
1005 3978 1048 4042 Et
1064 3976 1279 4062 posito'quod
1290 3977 1334 4042 de
1345 3977 1439 4042 facto

206 4096 397 4183 reperiatur
409 4094 502 4180 quod
514 4094 586 4180 ipse
597 4092 724 4178 alliquo
736 4104 890 4179 tempore
902 4091 1208 4159 fuissetordinatus
1218 4090 1327 4177 prima
1340 4102 1435 4158 tons·
1493 4051 1506 4133 1

203 4234 298 4293 sura,
316 4211 399 4278 dicit
416 4220 530 4279 tamen
551 4212 729 4296 preflattus
749 4219 949 4296 procurator
969 4207 1188 4288 substitutus,
1211 4207 1350 4274 nomine
1368 4228 1437 4293 quo

205 4356 420 4368 ....--——

259 4446 272 4476 ο
308 4429 418 4486 debeat
430 4428 561 4485 additur
578 4427 612 4483 in
629 4444 700 4492 ms.,·
715 4428 767 4481 scd
783 4426 959 4483 redundare
975 4425 1107 4481 videtur.
1146 4428 1195 4468 -d
1213 4423 1288 4497 pnti.
1306 4440 1362 4477 ms.
1401 4452 1435 4504 ‘.'

201 4538 214 4567 e
231 4520 354 4577 arestati
367 4526 399 4575 et
412 4516 585 4575 incarcerati
599 4534 654 4571 ms.
692 4518 739 4559 -f
755 4516 911 4590 Scriptum
918 4514 986 4587 suit
999 4520 1028 4569 et
1036 4519 1141 4588 posteo
1154 4513 1299 4569 deletum.-
1311 4511 1435 4567 remitti.

192 4628 253 4666 ua
271 4608 439 4681 corrigendi
461 4617 493 4664 et
513 4606 679 4679 castigandi
703 4615 733 4662 et
750 4604 891 4679 puniendi
909 4624 965 4665 ms.
1004 4603 1281 4677 —h'mcgnilestum
1299 4620 1358 4658 ms.
1401 4632 1435 4642 -·

203 4700 342 4757 ieisdem
355 4716 411 4754 ms.
