3500 5367
1352 5 1381 15 f·
1411 6 1470 22 ον..

748 485 956 542 Mouuueurn
976 483 1155 541 lcunrrnun

843 731 1005 800 CAPUT
1029 733 1062 798 X

342 861 470 917 Venetiis
482 862 623 937 ignatius
632 865 728 920 sacris
740 863 1041 920 commentationibus
1048 865 1156 936 piures
1168 863 1449 920 exercet-Nouam
1459 868 1554 934 passus

383 955 633 1024 persecutionem,
648 955 723 1008 etde
736 955 839 1009 eadem
854 956 960 1019 uictor,
976 955 1105 1009 Romam
1118 957 1212 1010 socios
1224 952 1417 1009 mittit-Ad
1431 952 1553 1007 sacerdo·

386 1043 463 1096 tium
477 1043 893 1114 promanant-interclusa
911 1044 1111 1116 nauigatione
1124 1046 1157 1098 in
1175 1044 1398 1108 Palaestinam,
1412 1040 1556 1098 distribuit

385 1130 478 1185 socios
488 1136 545 1204 per
557 1131 704 1187 ditionem
718 1137 866 1188 venetam.
882 1166 890 1174 ·
905 1134 944 1188 ln
962 1132 1071 1190 Urbem
1084 1135 1208 1188 tandem
1221 1150 1288 1188 cum
1302 1132 1391 1188 sociis
1400 1130 1555 1204 profectus,

385 1219 494 1276 celebri
505 1224 701 1295 apparitione
713 1224 746 1279 in
759 1241 838 1298 agro
852 1241 980 1280 romano
997 1228 1163 1280 recreatur.

402 1355 457 1426 92.
506 1341 544 1406 ln
576 1340 723 1423 Venetia·
744 1339 779 1408 in
804 1342 918 1427 quello
942 1353 1056 1430 tempo
1078 1340 1106 1408 s'
1134 1339 1331 1410 exercitaua
1353 1340 1389 1406 in
1412 1340 1493 1407 dare
1514 1338 1557 1426 gli

334 1453 486 1524 exercitii
503 1466 537 1524 et
561 1456 595 1522 in
617 1458 703 1526 altre
723 1457 978 1526 conuersationi
999 1456 1179 1546 spirituali.
1200 1459 1250 1525 Le
1266 1478 1414 1543 persone
1428 1455 1487 1541 piu
1509 1477 1558 1521 se·

335 1572 485 1658 gnalate,
503 1593 523 1638 a
539 1571 595 1638 cui
611 1572 659 1658 gli
674 1574 780 1654 dette,
799 1595 885 1640 sono
902 1577 1003 1642 Mtr0.
1022 1573 1138 1642 Pietro
1153 1576 1351 1641 Contereno
1372 1574 1395 1654 ¹,
1409 1581 1444 1639 et
1462 1574 1556 1640 Mtr0.

335 1687 491 1785 Gasparo
506 1700 521 1728 ²
536 1689 579 1756 de
596 1688 715 1755 Doctis
731 1690 757 1770 ¹,
775 1700 810 1758 et
826 1711 873 1757 un
890 1690 1284 1777 spagnu010,chiamato
1299 1709 1360 1776 per
1376 1709 1480 1756 nome
1495 1689 1560 1755 Ro-

337 1825 408 1885 cas;
427 1813 462 1873 et
477 1806 628 1872 anchore
642 1828 664 1872 a
678 1804 693 1845 b
709 1827 757 1872 un
776 1807 956 1895 spagnolo‚
974 1809 1039 1874 che
1059 1805 1089 1874 si
1104 1806 1228 1874 diceua
1242 1806 1267 1872 il
1283 1803 1471 1893 bacigliere
1490 1805 1560 1872 Ho-

337 1942 395 1987 zes
411 1923 436 2002 ³,
454 1919 477 1987 il
490 1905 591 2007 quale
603 1921 779 2008 praticaua
791 1924 897 1990 molto
908 1924 962 1990 col
973 1921 1163 2010 pelegrino,
1178 1932 1213 1991 et
1225 1924 1336 1990 anche
1351 1923 1406 1988 col
1416 1941 1562 1990 vescouo

337 2035 372 2102 di
390 2037 491 2106 Cette
510 2038 534 2104 ⁴.
554 2041 597 2104 Et
613 2051 838 2127 quantunque
853 2042 1001 2108 hauesse
1016 2062 1063 2108 un
1076 2060 1161 2127 poco
1179 2039 1355 2118 affettione
1375 2037 1411 2104 di
1432 2040 1503 2105 fare
1517 2037 1562 2124 gli

338 2153 504 2237 exercitii,
530 2153 737 2224 nondimeno
758 2177 826 2222 non
847 2156 897 2243 gli
917 2167 1053 2225 meteua
1073 2155 1108 2222 in
1123 2154 1339 2224 executione.
1358 2154 1438 2223 Alla
1454 2152 1562 2221 linesi

338 2268 476 2339 rissolse
492 2269 527 2336 di
543 2281 679 2338 entrare
695 2295 715 2338 a
740 2271 851 2358 largli3
870 2283 905 2339 et
925 2271 1017 2358 dipoi
1037 2273 1102 2339 che
1117 2283 1131 2312 ⁶
1146 2270 1195 2358 gli
1218 2271 1331 2339 hebbe
1347 2271 1446 2351 fatto,
1465 2291 1485 2355 3
1506 2289 1561 2352 04

338 2385 463 2472 giorni,
488 2387 579 2455 disse
594 2388 619 2452 l'
645 2387 758 2455 animo
785 2409 849 2456 suo
865 2390 899 2454 al
920 2389 1109 2476 pelegrino,
1131 2387 1329 2474 dicendogli
1345 2388 1413 2456 che
1428 2388 1562 2456 haueua

338 2523 445 2589 paura
457 2524 525 2570 non
543 2503 591 2590 gli
608 2503 808 2592 insegnasse
824 2504 920 2592 negli
935 2504 1088 2574 exercitii
1108 2507 1254 2590 qualche
1268 2503 1419 2572 dottrina
1437 2501 1560 2580 catiua,

339 2639 399 2704 per
415 2619 448 2687 le
461 2641 539 2687 cose
556 2622 620 2688 che
636 2620 684 2706 gli
706 2623 842 2688 haueua
859 2621 956 2690 detto
982 2643 1031 2689 un
1059 2621 1137 2690 tale.
1167 2623 1210 2688 Et
1237 2643 1298 2708 per
1318 2630 1439 2706 questa
1462 2640 1563 2686 causa

336 2737 447 2804 hauea
471 2746 605 2823 portato
626 2757 708 2806 seco
730 2737 814 2803 certi
830 2736 919 2819 libri,
937 2761 959 2804 a
978 2737 1032 2804 cib
1052 2737 1256 2806 riccorresse
1276 2761 1296 2806 a
1317 2735 1434 2822 quelli,
1452 2757 1490 2802 se
1505 2756 1564 2822 per

336 2863 428 2918 sorte
443 2853 477 2919 lo
493 2854 628 2921 uolesse
654 2853 855 2940 ingannere.
880 2857 1015 2939 Questo
1033 2853 1063 2920 si
1083 2853 1178 2922 aiutb
1194 2853 1300 2920 molto
1319 2851 1565 2920 notabilmente

337 2969 430 3055 negli
445 2968 610 3052 exercitii,
628 2979 662 3037 et
679 2970 745 3037 alla
760 2971 830 3036 fine
846 2969 875 3037 si
891 2969 1028 3038 rissolse
1043 2970 1079 3036 di
1098 2970 1273 3058 seguitare
1296 2971 1330 3037 la
1345 2968 1417 3035 uita
1432 2968 1489 3034 del
1504 2987 1564 3054 pe·

336 3085 481 3172 legrino.
500 3088 633 3170 Questo
650 3087 686 3152 fu
702 3088 813 3152 anche
829 3086 853 3152 il
869 3085 979 3173 primo
994 3089 1059 3156 che
1074 3087 1173 3153 mori.

402 3221 460 3289 93.
508 3203 545 3268 ln
563 3201 708 3271 Venetia
723 3203 835 3272 hebbe
851 3204 963 3271 anche
978 3202 1002 3268 il
1018 3201 1194 3290 pelegrino
1211 3203 1297 3269 altra
1312 3199 1562 3288 persecutione,

337 3319 483 3386 essendo
498 3317 593 3384 molti
610 3320 675 3387 che
686 3317 855 3386 diceuano
866 3321 932 3385 che
943 3317 992 3406 gli
1003 3341 1061 3386 era
1072 3329 1163 3386 stata
1174 3315 1392 3386 abbrusciata
1403 3318 1437 3383 la
1451 3325 1565 3384 statua

337 3430 371 3499 in
386 3435 527 3519 Spagna
543 3443 577 3500 et
594 3433 628 3499 in
647 3433 776 3521 Perigi.
792 3436 835 3500 Et
847 3446 970 3520 questa
981 3455 1063 3501 cosa
1074 3435 1165 3501 andb
1178 3443 1274 3501 tanto
1286 3431 1413 3515 inanci,
1425 3435 1491 3498 che
1502 3431 1531 3498 si
1546 3432 1564 3497 ὲ

338 3550 424 3615 fatto
439 3569 612 3636 process0,
627 3559 662 3618 et
678 3551 714 3616 fu
730 3549 810 3616 data
822 3550 855 3616 la
871 3560 1036 3618 sentenza
1052 3549 1087 3615 in
1100 3552 1219 3618 fauore
1230 3550 1285 3616 del
1297 3547 1476 3637 pelegrino
1493 3551 1517 3614 ³.

340 3665 550 3674 --—---·

390 3715 404 3742 ²
440 3701 588 3772 Gasparro
602 3719 657 3756 ms.
695 3701 788 3756 -bla
801 3718 857 3754 ms.
896 3715 944 3744 -c
957 3701 1012 3757 che
1025 3703 1080 3756 che
1093 3719 1150 3756 ms.

340 3799 549 3809 -ψ-

390 3835 397 3868 ¹
436 3835 588 3906 Agiturde
597 3837 652 3892 hoc
663 3835 726 3892 viro
737 3835 766 3891 in
777 3853 865 3909 opere
874 3836 980 3892 Sancti
989 3836 1142 3911 Ignatii...
1154 3835 1350 3910 Epistolaed,
1358 3835 1419 3907 123,
1426 3843 1526 3894 annot.
1538 3848 1564 3904 2,

337 3933 367 3979 et
378 3941 466 3998 saepe
479 3925 564 3982 alias.

387 4019 399 4049 ¹
437 4015 629 4071 Decretorum
647 4015 761 4085 doctor,
774 4015 866 4086 legati
889 4014 1063 4088 Hieronymi
1086 4016 1197 4072 Veralli
1215 4015 1245 4072 in
1267 4014 1469 4088 spiritualibus
1487 4015 1564 4070 vion·

335 4103 406 4160 rius.
421 4105 496 4160 Acta
511 4105 703 4169 Sanctorum,
718 4105 773 4160 loc.
788 4103 851 4172 cit,
870 4105 991 4176 3XXV.

389 4196 400 4226 ³
437 4193 566 4250 Didacus
580 4195 687 4266 Hozes,
704 4193 856 4266 hispanus,
880 4211 917 4249 ex
931 4195 1004 4249 urbe
1018 4194 1141 4266 Manca,
1163 4194 1201 4250 de
1214 4211 1273 4268 quo
1294 4193 1429 4250 videatur
1442 4193 1565 4250 Poenu-

337 4296 408 4354 cus,
421 4283 547 4352 Ceron,
561 4285 583 4356 l,
598 4299 643 4354 55.

388 4376 400 4408 ⁴
436 4373 558 4430 Latinus
571 4375 716 4447 interpres
729 4373 772 4429 sic
790 4375 886 4430 locum
909 4373 1010 4430 vertit.
1033 4395 1083 4430 a...
1099 4375 1209 4443 flores,
1232 4373 1280 4430 cui
1302 4389 1409 4444 magua
1421 4381 1486 4429 erat
1497 4389 1564 4429 cum

335 4463 494 4534 Peregrino
504 4462 697 4533 consuetudo,
712 4473 742 4518 et
755 4481 822 4518 curn
836 4463 982 4536 Episcopo
995 4462 1145 4520 Cettino.n
1155 4463 1213 4520 Cui
1226 4463 1331 4521 ultimo
1342 4464 1434 4519 verbo
1445 4463 1564 4536 apponi·

337 4561 383 4608 tur
395 4552 432 4608 ad
446 4553 512 4608 libri
524 4553 685 4624 marginem
699 4554 771 4608 haec
789 4552 1039 4609 annotatiuncula:
1055 4553 1106 4608 ain
1124 4559 1266 4626 processu
1280 4552 1465 4609 Madritensi
1480 4553 1565 4608 moo-

335 4647 398 4697 tur:
410 4641 577 4713 Septensi.n
589 4643 665 4697 Acta
676 4642 869 4708 Sanctorum,
883 4642 938 4697 loc.
949 4642 1095 4713 cit.‚Acta
1106 4641 1295 4716 antiquisima
1304 4642 1336 4698 S.
1347 4639 1465 4714 lgnatb,
1479 4658 1509 4698 n.
1519 4654 1563 4710 92.

390 4735 400 4766 ·“·
436 4733 513 4789 Acta
529 4732 719 4798 Sanctorum,
735 4733 789 4790 loc.
803 4731 865 4805 cit,
882 4731 1002 4804 ΞΧΧΨ.

1715 196 1719 259 l
