3500 5367
392 450 445 507 522
772 438 1178 518 Mosurrnnralonarmua

353 592 541 659 cabuntur?
562 592 655 680 Ergo
682 601 897 679 exponentur
923 590 1056 659 iniuriis
1078 592 1212 679 hyemis
1240 592 1412 661 instantis?
1437 594 1493 663 Ubi
1513 605 1553 660 est

356 709 564 774 tabulatum?
578 710 719 795 Degent
735 710 857 775 fratres
870 706 1064 777 immediate
1076 708 1141 775 sub
1154 708 1281 795 tegulis
1296 719 1332 777 et
1344 712 1449 777 tecto?
1459 708 1551 795 Atqui,

295 849 300 864 ·
355 824 539 909 respondet
555 834 566 863 ¹
582 826 622 891 Ρ.
643 824 828 891 Pulancus:
847 846 917 890 non
933 834 998 903 est,
1018 823 1206 891 reverende
1223 824 1337 903 Pater,
1351 823 1496 910 pecunia,
1506 846 1551 891 ne·

354 960 423 1023 que
438 937 584 1026 amplius
600 952 722 1005 mutuo
737 938 944 1034 inuenimus
962 936 1051 1019 Fiat,
1068 938 1258 1024 respondit,
1277 940 1437 1021 Polance,
1450 940 1551 1006 tabula-

229 1054 237 1075 '
344 1063 441 1134 tum,
458 1074 524 1121 nec
538 1054 612 1121 sine
628 1055 750 1122 fratres
765 1053 824 1121 hic
837 1054 1021 1123 dormiant.
1036 1056 1132 1121 Deus
1143 1054 1339 1139 prouidebit
1354 1056 1480 1122 famulis
1488 1053 1551 1121 suis.

354 1170 436 1237 Erat
448 1181 564 1237 autem
576 1171 700 1237 domus
711 1168 933 1251 conductitia3
948 1168 1058 1236 voluit
1070 1180 1184 1237 tamen
1196 1168 1284 1237 fieri.
1300 1170 1418 1237 Paruit
1431 1174 1466 1239 P.
1477 1171 1550 1237 loan-

353 1306 416 1353 nes
430 1298 440 1323 ⁵
457 1287 644 1367 Polancus,
663 1286 742 1371 quia
757 1287 906 1373 vrgebat
918 1284 1030 1352 Patris
1042 1286 1198 1366 verbum,
1212 1296 1248 1351 et
1260 1285 1463 1372 experientia
1475 1306 1553 1369 saepe

351 1402 529 1481 docuerat,
548 1398 633 1467 nihil
650 1401 761 1487 ipsum
778 1413 907 1469 temere
926 1401 1102 1483 mandare;
1120 1414 1169 1482 et,
1186 1382 1281 1482 ecce,
1300 1401 1407 1471 altero
1420 1400 1478 1481 die,
1491 1420 1550 1466 cun

355 1516 396 1583 P.
420 1518 593 1611 Polancus
614 1518 819 1586 concederet
846 1517 890 1583 ad
918 1516 1048 1584 amicos
1075 1528 1110 1586 et
1132 1516 1331 1603 trapezitas,
1353 1529 1398 1610 ‘vt
1425 1514 1554 1603 pecunias

352 1642 475 1698 mutuo
491 1634 547 1699 vel
563 1634 606 1699 ad
623 1632 788 1701 interesse
800 1634 983 1719 acciperet,
998 1632 1136 1719 quidam
1148 1632 1412 1700 archidiaconus
1421 1632 1554 1717 hispanus

353 1770 396 1815 ex
412 1748 581 1828 Nauarra,
605 1748 821 1835 Mondragon
841 1748 980 1815 nomine
999 1750 1036 1829 ¹⁰,
1054 1747 1140 1815 mihi
1160 1750 1267 1834 probe
1286 1760 1406 1828 notus,
1422 1743 1551 1821 occurrit,

352 1883 481 1949 rogans
499 1867 538 1930 P.
558 1864 747 1931 Polancum
764 1876 802 1931 vt
822 1864 1032 1951 quingentos
1051 1886 1176 1931 aureos
1196 1862 1379 1950 acciperet,
1402 1862 1550 1931 restituen-

352 1979 415 2045 dos
443 1978 606 2065 paulatim
635 1981 772 2065 quando
799 1992 930 2066 egeret.
959 1981 1043 2047 Item
1067 1980 1205 2066 quidam
1229 1990 1430 2066 procurator
1450 1974 1551 2045 ordinis

352 2097 396 2160 D.
417 2094 632 2179 Hieronymi,
650 2094 832 2176 lusitanus,
851 2097 962 2162 multo
977 2095 1139 2163 maiorem
1154 2116 1323 2163 summam
1340 2094 1459 2174 attulit,
1477 2089 1549 2159 sirni-

348 2210 427 2278 liter
442 2209 609 2295 deposito,
629 2212 874 2281 restituendam
891 2212 1068 2299 paulatim,
1087 2212 1149 2279 sed
1168 2223 1205 2277 vt
1221 2211 1340 2281 liceret
1355 2233 1399 2279 ea
1418 2209 1473 2276 vti.
1492 2208 1550 2273 Hae

349 2334 465 2391 autem
482 2345 636 2395 summae
652 2327 818 2413 pecuniae
834 2350 903 2394 non
924 2327 973 2395 ita
986 2328 1048 2393 diu
1063 2338 1184 2413 postea
1204 2326 1336 2413 piorum
1357 2321 1551 2409 eleetnosyui·q

351 2440 529 2509 restitutae
543 2454 636 2523 sunt,
655 2452 691 2508 et
706 2444 919 2528 persolutum
935 2441 1095 2529 precibus
1109 2455 1144 2510 et
1160 2441 1303 2524 meritis,
1320 2453 1360 2508 vt
1372 2438 1547 2528 putauimus

351 2558 392 2622 Β.
424 2556 548 2637 Patris,
578 2578 680 2625 omne
707 2578 766 2625 aes
792 2558 955 2639 alienum,
977 2567 1014 2627 et
1036 2579 1238 2625 succursum
1268 2555 1360 2624 omni
1387 2547 1549 2623 necessitati

353 2672 538 2757 praesenti.

421 2808 475 2871 34.
524 2788 598 2857 Sub
619 2788 709 2859 idem
730 2791 866 2875 tempus
887 2793 927 2858 P.
950 2789 1069 2859 Guido
1088 2787 1267 2869 Roiletius,
1288 2785 1426 2874 collegii
1441 2800 1549 2871 gernu-

350 2904 420 2970 nici
448 2903 558 2992 (cuius
579 2906 682 2973 Pater
702 2916 818 2975 noster
839 2916 1014 2991 promotor
1032 2906 1086 2973 vel
1108 2903 1222 2991 potius
1241 2913 1363 2971 auctor
1381 2898 1490 2982 fuerat)
1506 2916 1547 2959 re·

351 3030 438 3100 ctor,
469 3041 549 3087 cum
576 3030 789 3107 premeretur
809 3042 888 3090 aere
910 3021 1020 3089 alieno
1041 3019 1153 3107 graui,
1176 3019 1221 3085 ad
1241 3020 1381 3086 Patrem
1407 3018 1521 3083 beatum
1541 3018 1547 3043 ¹

348 3136 510 3215 accessit,
540 3156 639 3221 opem
663 3135 919 3223 imploraturus3
942 3136 1022 3202 huie
1042 3136 1133 3201 enirn
1152 3131 1313 3221 collegio,
1335 3129 1470 3200 corrasis
1485 3124 1548 3191 hinc

265 3313 268 3319 .
349 3251 429 3317 inde
456 3250 695 3337 eleemosynis,
719 3253 760 3318 B.
785 3254 889 3319 Pater
908 3250 1148 3338 prospiciebat,
1170 3249 1251 3316 licet
1272 3248 1397 3315 domus
1415 3243 1483 3333 pros
1539 3288 1546 3315 ‚

348 3388 439 3451 quae
454 3366 681 3452 eleemosynis
697 3365 796 3447 viuit,
813 3368 914 3437 valde
933 3388 1118 3435 numerosa
1131 3376 1236 3445 esset,
1253 3375 1288 3433 et
1303 3361 1474 3450 collegium
1491 3374 1546 3421 ma·

282 3492 287 3502 '
349 3504 421 3567 gno
437 3482 539 3549 etiarn
557 3503 636 3551 aere
651 3504 820 3568 pressum.
838 3482 992 3549 Instabat
1011 3492 1128 3550 autem
1145 3477 1218 3547 tum
1235 3480 1308 3549 dies
1323 3477 1441 3545 natalis
1454 3467 1545 3539 Domi·

350 3597 397 3661 ni.
429 3600 557 3663 Beatus
584 3595 691 3684 igitur
713 3601 816 3667 Pater
835 3611 965 3678 noster,
986 3594 1132 3665 audiens
1151 3594 1334 3665 Roiletium
1356 3618 1400 3663 ex
1424 3581 1547 3674 angustia

346 3712 459 3779 cardis
475 3732 615 3779 causam
631 3734 728 3780 suam
749 3713 934 3793 dicentem,
952 3713 1134 3781 subridens
1149 3708 1389 3797 interrogauit:
1406 3702 1548 3775 habebunt

346 3848 402 3909 ne,
422 3827 587 3914 magister
602 3829 732 3911 Guido,
756 3828 885 3896 alumni
905 3826 1094 3915 germanici
1114 3824 1242 3912 aliquid
1264 3818 1477 3895 recreationis
1491 3812 1547 3879 dit*

348 3944 413 4011 bus
429 3942 607 4011 natalitiis?
624 3945 696 4026 Oh,
716 3945 831 4011 Pater!
851 3944 976 4029 inquit;
992 3944 1051 4009 vix
1072 3964 1194 4030 panem
1214 3942 1405 4023 habebunt;
1428 3952 1493 4005 nam
1510 3924 1549 4012 ll·

346 4068 418 4123 stor
439 4058 524 4123 nihil
548 4058 694 4146 amplius
721 4060 796 4127 vult
822 4058 1093 4127 subministrare.
1124 4046 1248 4138 Bono,
1262 4054 1323 4136 ait,
1352 4065 1429 4125 esto
1454 4042 1549 4113 anino:

347 4174 443 4241 Deus
463 4173 585 4241 aderit.
616 4176 700 4243 Eme
727 4174 863 4242 interim
891 4174 1038 4242 alumnis
1064 4174 1194 4260 aliquot
1220 4173 1361 4253 haedos,
1390 4183 1427 4237 et
1455 4152 1553 4242 aliquid

346 4297 523 4384 praeterea
551 4289 586 4355 in
609 4289 856 4359 recreationem
883 4291 1153 4372 adolescentum,
1176 4299 1212 4358 et
1233 4286 1310 4356 sine
1330 4289 1443 4354 Deum
1466 4290 1552 4361 agefe-

397 4506 408 4535 r
443 4493 610 4566 respondit.
650 4512 698 4538 —ss
717 4495 807 4553 Deest
823 4497 877 4552 hoc
893 4496 1030 4552 verbum.
1068 4505 1114 4537 -t
1132 4494 1222 4550 Deest
1245 4493 1300 4548 hoc
1323 4490 1461 4547 verbum·

354 4597 567 4611 *—

398 4654 420 4689 ¹⁸
457 4654 589 4727 Joannes
604 4656 642 4713 de
656 4657 849 4729 Mondragou.
