3500 5367
385 379 392 406 Ι

370 447 421 506 124
747 438 955 496 Mouuaanrn
975 435 1154 508 lounrmua

321 589 425 672 nilla,
443 612 466 677 y
488 590 636 676 despuis
657 585 873 671 riAlemana,
892 591 1006 659 donde
1026 588 1106 657 hizo
1121 611 1199 657 asez
1219 609 1286 657 con
1300 590 1355 658 los
1375 588 1492 656 dichos
1509 597 1566 674 ‘y

330 727 396 774 con
411 705 565 794 predicar
581 706 613 773 al
634 729 693 793 rey
709 706 753 776 de
773 727 933 775 romanos
949 728 972 793 y
987 706 1020 774 ai
1040 706 1252 794 emperador‚
1270 705 1497 776 confessario
1515 725 1567 772 en

331 832 439 904 corte,
457 845 481 910 y
495 823 641 910 leyendo
657 845 700 892 en
716 822 767 890 las
783 821 1052 905 uniuersidades‚
1064 844 1164 892 como
1179 842 1223 891 en
1238 821 1397 906 Colonia,
1412 824 1568 909 Magan-

330 939 420 1028 ciay
441 938 663 1027 lnglosta'din
683 942 794 1008 Pasau
810 938 838 1022 ‘¹‚
859 962 883 1027 y
903 945 924 1007 a
944 939 1143 1023 Ratisbona3
1162 939 1205 1008 de
1224 940 1338 1008 donde
1358 958 1403 1007 en
1418 938 1568 1010 Colonia

330 1055 524 1143 aquedado
546 1075 592 1122 un
612 1053 779 1142 principio
794 1056 838 1124 de
857 1066 1017 1124 nuestros
1035 1054 1247 1124 estodiantea
1262 1067 1287 1124 ².
1308 1058 1411 1124 Mtro.
1430 1056 1565 1122 Pasca-

330 1172 382 1241 sio
395 1194 419 1260 y
435 1175 537 1242 Mtro.
556 1171 733 1242 Salmerdn
748 1171 894 1240 fsueton
910 1172 1121 1243 embiadosa
1140 1173 1287 1255 Ibernia,
1304 1173 1422 1242 donde
1437 1194 1567 1260 pasen-

331 1290 376 1358 do
396 1290 542 1356 muchos
563 1287 713 1374 trauajos
732 1311 755 1376 y
775 1287 940 1377 peling,
963 1310 1063 1357 como
1081 1290 1126 1359 dc
1147 1310 1204 1358 ser
1223 1309 1342 1377 presos
1361 1289 1418 1358 del
1439 1309 1497 1375 rey
1517 1287 1569 1356 de

332 1406 556 1493 Ingaiaterra‚
574 1405 662 1473 vltra
676 1405 728 1474 las
742 1405 1001 1475 eniermedadca
1016 1429 1039 1494 y
1053 1405 1207 1495 peligros
1225 1407 1283 1476 dcl
1298 1428 1384 1491 mar,
1400 1425 1464 1494 por
1479 1405 1567 1473 todo

331 1521 364 1590 el
381 1519 508 1610 tiempo
522 1542 591 1607 quc
606 1521 662 1589 alli
678 1521 875 1591 estuvieron
891 1523 1067 1610 ayudaron
1083 1525 1212 1591 mucho
1226 1545 1272 1593 en
1288 1524 1392 1594 hazer
1406 1525 1569 1592 confesar

332 1639 476 1707 muchas
491 1658 654 1725 personas
673 1660 696 1726 y
712 1637 891 1727 dispensat
904 1640 949 1707 de
968 1638 1082 1709 varios
1101 1661 1201 1709 casos
1215 1651 1241 1723 ⁸;
1260 1661 1283 1727 y
1298 1661 1342 1709 en
1358 1639 1410 1708 las
1424 1638 1569 1726 dispen-

333 1753 487 1840 saciones
507 1773 553 1822 no
574 1764 734 1823 tomauan
761 1755 850 1824 nada
872 1757 987 1826 delos
1006 1755 1143 1845 pobre8‚
1161 1767 1261 1824 antes
1281 1761 1301 1824 a
1322 1756 1476 1844 aquellos
1495 1776 1568 1842 que

333 1875 449 1938 tenian
462 1870 699 1940 commodidad
711 1873 761 1940 les
771 1874 894 1960 hacian
906 1872 967 1942 dar
979 1873 1124 1961 algunas
1138 1871 1313 1953 limosum,
1326 1895 1350 1959 y
1365 1871 1567 1960 dispuman-

334 1987 385 2056 las
401 2008 482 2074 para
497 1987 529 2054 el
549 1985 628 2056 bien
644 1988 687 2056 de
708 1987 759 2056 los
775 1987 927 2072 mismoS,
943 1989 989 2056 de
1008 2011 1145 2060 manera
1167 2011 1234 2076 que
1254 2010 1300 2056 no
1316 1999 1478 2057 tomauan
1493 1987 1570 2056 solo

336 2123 384 2171 un
404 2103 578 2172 maraucdi
599 2105 643 2173 de
662 2103 776 2187 nadie3
798 2126 821 2191 y
842 2125 923 2192 muy
944 2127 1055 2194 graue
1071 2106 1123 2174 ies
1143 2107 1202 2174 fue
1221 2127 1263 2173 su
1283 2103 1433 2192 partida.
1461 2105 1566 2174 Mtro.

335 2219 463 2290 Lainez
484 2219 542 2287 fui
566 2218 724 2288 embiado
740 2225 761 2288 ἐι
780 2219 943 2308 venecia,
961 2220 1082 2313 sicndo
1103 2223 1166 2290 dos
1188 2219 1332 2310 pedidus
1351 2221 1383 2289 ai
1400 2242 1487 2308 papa
1502 2240 1570 2308 por

336 2334 369 2402 la
389 2339 536 2419 senoria3
558 2358 581 2422 y
604 2339 677 2404 ansi
699 2337 758 2405 fue
776 2341 797 2404 a
813 2337 976 2424 Venecia,
1004 2339 1134 2420 Pardua,
1158 2341 1283 2424 Brona,
1306 2339 1472 2418 Baseano,
1496 2345 1567 2403 etc.

336 2454 440 2521 Mtro.
459 2453 573 2520 Araoz
591 2475 616 2540 y
632 2453 736 2522 Mtro.
756 2454 867 2522 Fabro
884 2455 1037 2523 fuerunt
1053 2457 1202 2542 Espana,
1219 2453 1334 2523 dondc
1352 2475 1398 2522 en
1413 2453 1571 2520 diuersas

389 2661 403 2694 ο
438 2649 476 2706 in
489 2663 523 2720 «3
535 2647 642 2723 biano:
657 2649 785 2707 Maestro
792 2652 868 2724 Jayo
881 2651 1007 2726 primero
1018 2671 1056 2709 en
1068 2653 1204 2726 Francia,
1212 2652 1311 2710 donde
1322 2651 1390 2708 hiso
1401 2653 1482 2708 bueo
1493 2647 1570 2706 irot-

337 2746 378 2794 to:
395 2737 524 2812 despues
540 2739 623 2796 iunto
641 2755 695 2796 con
709 2740 795 2797 idere.
813 2741 910 2798 Fabro
926 2742 1112 2814 yBouadilla
1128 2760 1167 2799 en
1184 2735 1352 2813 Memmia,
1364 2738 1461 2798 donde
1473 2756 1513 2796 cn
1524 2740 1572 2794 las

335 2826 441 2884 dietas.
455 2825 539 2886 Idem
552 2828 666 2885 dicim
678 2830 712 2886 in
725 2844 760 2884 uo
772 2830 858 2888 laras:
869 2832 949 2903 Mag.
962 2833 1046 2904 Jaius
1063 2833 1189 2906 primum
1206 2833 1238 2888 in
1249 2831 1378 2889 Galliam
1389 2828 1567 2900 destinatur,

335 2917 386 2974 rbi
398 2916 440 2975 illi
452 2916 537 2990 genti
550 2920 674 2976 multum
687 2918 807 2994 profuit3
822 2929 925 2993 postea
941 2939 976 2985 ae
992 2922 1151 2978 associauit
1170 2921 1311 2994 magistro
1323 2921 1419 2977 Fabro
1431 2927 1464 2976 et
1475 2919 1572 2974 Bobe-

334 3003 423 3063 diiiae
433 3006 463 3064 in
473 3007 643 3078 Germania,
653 3008 704 3064 vbi
717 3017 749 3066 et
761 3009 791 3066 in
804 3008 870 3066 aliis
883 3010 956 3067 locis
967 3011 1094 3067 maxime
1103 3011 1183 3083 frugi
1192 3010 1329 3081 extitere,
1341 3016 1373 3066 ut
1386 3009 1417 3065 in
1428 3006 1570 3078 comitiis.

336 3099 386 3142 -d
405 3098 500 3154 Brsau
513 3111 529 3152 r
542 3097 611 3167 lnt.,·
622 3099 815 3156 desideratur
827 3100 862 3156 in
875 3116 910 3155 απ
928 3101 1013 3159 tarn.
1044 3117 1102 3150 -α
1115 3118 1136 3173 y
1148 3119 1187 3157 en
1203 3100 1327 3158 Colonia
1344 3117 1362 3157 a
1377 3096 1512 3173 quedado
1527 3115 1571 3153 vn

335 3185 479 3260 principio
490 3185 528 3243 de
541 3187 700 3247 scholares.
715 3189 834 3261 ybisp.,·
845 3187 988 3246 Coloniae
1004 3189 1160 3246 scolarium
1178 3197 1346 3246 nostrorum
1361 3194 1569 3245 remanserunt

334 3273 435 3350 aliqui.
450 3289 466 3331 1
479 3276 550 3345 ἰοῖς
561 3284 592 3332 et
604 3275 746 3334 Coloniae
758 3277 855 3335 adhuc
866 3287 1000 3336 remanet
1013 3280 1096 3336 velut
1107 3277 1252 3354 quoddam
1270 3279 1511 3335 scholasticorum
1523 3292 1571 3332 se·

337 3365 501 3424 minacium.
516 3381 536 3422 2
546 3367 600 3422 lot.
639 3370 686 3413 -5
695 3367 804 3425 Lainez
813 3373 873 3443 pro
883 3369 1046 3440 Salmeron,
1057 3371 1140 3425 alat.
1178 3387 1228 3424 -s
1240 3387 1351 3443 porque
1363 3385 1434 3425 eran
1446 3365 1571 3425 nuncios

336 3456 513 3529 apostolicos
530 3458 659 3514 additur
671 3458 704 3514 in
721 3459 849 3516 castoris
860 3466 972 3535 apogr.
989 3461 1048 3516 -Irr
1060 3473 1096 3514 uz
1109 3459 1184 3516 lot.»
1196 3460 1240 3515 sie
1253 3463 1418 3532 mpetum
1433 3461 1572 3514 wutexto

337 3549 379 3602 est
392 3547 515 3621 integro
524 3547 680 3622 periodus:
691 3548 731 3605 M.
743 3549 919 3605 Paschasius
931 3559 962 3606 et
975 3549 1017 3606 M.
1027 3549 1181 3606 Salmeron
1190 3549 1221 3604 in
1234 3547 1417 3619 Hyberniam
1428 3546 1570 3618 delegan-

338 3642 397 3724 tuy,
410 3635 462 3692 vbi
475 3635 575 3693 multis
588 3637 756 3694 infortuniis
769 3646 799 3693 et
812 3637 951 3710 periculis
964 3638 1072 3710 eaesis,
1084 3647 1146 3694 torn
1159 3638 1228 3712 quia
1239 3655 1256 3692 a
1269 3654 1340 3708 rege
1351 3635 1478 3708 nngtiae
1489 3633 1567 3708 capti

340 3721 470 3794 luerunt,
483 3733 546 3782 turn
563 3733 681 3799 propter
699 3727 807 3800 pedum
821 3726 1019 3783 infirmitatem
1034 3726 1064 3783 in
1077 3727 1151 3783 mari
1166 3725 1395 3799 contractum[!]:
1409 3743 1462 3799 per
1473 3733 1569 3780 totum

340 3821 469 3887 tempus,
481 3829 540 3889 quo
553 3813 594 3871 ibi
607 3814 736 3885 fuerunt,
752 3831 811 3872 non
824 3817 908 3889 parui
920 3815 1083 3873 iuuamenti
1095 3833 1184 3880 causa
1201 3815 1300 3872 fuere.

338 3975 446 4024 octavo
457 3985 575 4042 quoque
587 3968 637 4026 die
649 3968 822 4040 sumendae,
835 3969 914 4043 piam
928 3977 960 4026 et
971 3971 1131 4026 salutarem
1143 3966 1388 4025 consuetudinem
1400 3964 1570 4023 induxit...»

339 4056 466 4114 Polanco
488 4055 682 4130 adstipulatur
699 4056 921 4128 ostreorum,
939 4057 976 4128 11,
993 4071 1039 4128 24:
1057 4057 1140 4112 «Nec
1160 4057 1203 4113 ita
1222 4057 1316 4114 multo
1336 4062 1403 4128 post
1421 4053 1570 4112 asolenni

338 4145 557 4216 nuncupatione
571 4145 713 4203 Votorum
727 4147 900 4204 Fauentiam
913 4146 1020 4204 missus
1032 4155 1080 4204 est
1090 4145 1182 4219 laius,
1192 4145 1243 4203 vbi
1255 4152 1373 4220 practer
1384 4145 1476 4201 multa
1488 4161 1506 4199 e
1517 4159 1572 4216 pu·

338 4233 416 4291 blica
432 4243 464 4292 et
481 4235 631 4292 communi
648 4253 680 4292 re
700 4243 795 4308 gesta,
812 4245 945 4293 veterem
966 4235 1118 4292 Ecclesiae
1137 4252 1260 4305 rnorem,
1277 4243 1310 4291 et
1324 4231 1570 4290 consuetudinem

338 4323 440 4382 retulit
449 4325 554 4382 crebro
562 4325 720 4398 usurpandi
730 4325 871 4398 mysteria
880 4324 1073 4382 hebdomadis
1082 4324 1236 4382 minimum
1245 4321 1459 4395 singuliani.
1469 4323 1567 4394 Puer,

342 4413 381 4470 Le
398 4415 476 4472 Ρὲνσ
495 4413 611 4471 Claude
628 4415 735 4487 lajay,
752 4431 819 4489 pag.
837 4415 873 4487 89
892 4423 924 4472 et
940 4433 1024 4490 seqq.
1041 4415 1180 4472 Fortasse
1196 4414 1333 4472 librarius
1348 4429 1402 4487 pso
1419 4413 1570 4468 «Fama.

339 4503 458 4576 scripsit
475 4502 645 4560 «Francia».
663 4504 821 4562 Caeterum
838 4521 894 4560 nec
910 4505 1085 4562 Faventiam
1102 4521 1158 4561 nec
1176 4504 1208 4560 in
1224 4502 1352 4560 Galliam
1372 4509 1444 4560 tuno
1460 4499 1572 4558 adiisse

340 4593 468 4649 Fabrum
485 4601 516 4648 et
533 4593 716 4651 Bobadillam
734 4593 855 4652 scimus.
870 4594 937 4650 Alia
954 4612 1036 4666 vero,
1050 4611 1127 4668 quae
1146 4589 1267 4651 Lainius
1283 4591 1428 4666 adjungit,
1441 4591 1514 4649 satis
1530 4607 1571 4648 ex

340 4681 463 4741 historia
476 4681 595 4741 Polanci
609 4693 638 4742 et
652 4681 806 4744 Orlandini
819 4692 966 4742 coustant.
