3500 5367
440 397 633 452 Meuomme
651 398 684 452 P.
705 397 880 454 Cousmvn
898 411 942 454 or
958 397 992 454 S.
1011 398 1147 454 lonnno
1325 396 1377 454 ²83

166 553 215 632 γά
232 553 307 614 1150
323 560 443 616 estana
459 572 504 616 na
519 551 750 637 Companhia3
766 573 786 619 e
802 557 907 622 ennio
921 552 1031 620 soube
1046 573 1068 618 ο
1083 570 1152 636 que
1167 571 1191 616 o
1206 551 1318 618 Padre
1332 568 1413 636 pes·

167 684 249 728 sara
266 685 348 730 com
365 665 430 734 elle
446 687 509 752 por
527 667 673 752 relaeam
689 668 734 734 do
757 669 796 734 P.
816 667 943 735 Laines
963 689 983 736 e
1006 665 1153 747 Madrid,
1171 687 1240 752 que
1261 667 1357 733 fortio
1373 685 1414 732 os

167 779 435 849 intercessores:
465 804 484 848 e
508 803 706 868 parece-me
730 785 879 850 tambem
903 805 971 870 que
993 785 1040 850 do
1061 785 1102 850 P.
1127 783 1293 863 Polanco,
1310 781 1413 848 ainda

167 915 239 978 que
256 897 294 961 d
298 899 444 963 este⁰
391 917 423 981 3.
460 919 515 964 me
531 905 596 965 nao
612 900 758 968 affirmo.
782 901 906 966 Emfim
922 922 968 965 na
985 920 1093 966 cousa
1109 899 1154 964 da
1169 919 1296 985 pureza
1315 896 1413 964 tinbn

168 1031 278 1078 nosso
299 1015 411 1079 Padre
424 1015 509 1078 hum
525 1037 596 1100 per.
592 1013 768 1082 ‘citissimo
782 1017 869 1084 zelo

240 1145 299 1214 59.
351 1131 445 1195 Hom
464 1129 576 1197 Padre
591 1131 634 1198 de
651 1130 758 1198 muita
774 1130 875 1200 idade
896 1132 953 1216 foy
974 1129 1075 1197 ouuir
1094 1131 1200 1196 huma
1219 1129 1353 1196 molher
1367 1129 1413 1195 de

168 1243 381 1312 confissaott
396 1267 459 1312 sua
471 1267 564 1328 casa,
578 1258 749 1314 eacertou
762 1248 805 1314 de
820 1247 906 1314 ficar
921 1269 943 1313 o
958 1244 1200 1332 companbeiro
1213 1244 1257 1310 de
1268 1265 1412 1330 mane)-

170 1381 220 1438 ra,
240 1382 313 1445 que
330 1383 396 1426 nao
412 1369 561 1430 estaua
547 1387 567 1430 u
582 1385 643 1430 sua
669 1362 760 1430 uista
781 1383 827 1430 no
851 1373 967 1449 tempo
983 1362 1028 1428 da
1046 1362 1228 1428 confisseo.
1250 1361 1384 1429 Soube-
1372 1381 1412 1426 -o

170 1496 278 1541 nosso
299 1477 423 1558 Padre3
441 1498 460 1544 e
477 1488 575 1564 posto
592 1500 658 1564 que
673 1500 694 1545 0
712 1480 823 1545 Padre
839 1501 898 1547 era
912 1481 1063 1558 bomem,
1081 1478 1125 1543 de
1145 1497 1248 1590 quem
1262 1497 1328 1562 por
1348 1496 1411 1542 sua

170 1551 309 1674 grande
327 1593 464 1660 uirtude
484 1617 504 1662 e
524 1593 625 1660 idade
644 1615 682 1661 se
702 1601 769 1662 nao
787 1594 890 1682 podia
913 1615 991 1661 nem
1017 1594 1123 1659 moral
1145 1612 1225 1658 nem
1253 1591 1408 1657 natural-

172 1719 291 1774 mente
309 1718 417 1775 temer
433 1710 500 1775 mal
516 1711 646 1796 aigum,
664 1709 805 1777 todauia
819 1711 880 1778 lhe
894 1711 962 1776 deu
977 1731 1039 1797 por
1054 1708 1126 1775 isso
1141 1729 1196 1776 em
1211 1705 1407 1794 penitencia

172 1843 241 1906 que
257 1845 298 1891 se
315 1824 556 1910 disciprinasse
571 1848 635 1913 por
650 1847 775 1913 espaco
795 1827 839 1896 de
858 1838 932 1893 sete
952 1827 1113 1912 psalmom
1131 1845 1205 1892 mas
1224 1845 1409 1892 encomen-

172 1939 322 2006 dou-me
339 1961 407 2024 que
423 1942 587 2011 buscasse
602 1963 685 2029 pera
704 1941 774 2010 isso
794 1943 919 2030 alguns
939 1944 1003 2007 dos
1022 1961 1118 2026 mays
1133 1941 1271 2019 breueS,
1289 1961 1309 2005 e
1329 1959 1409 2023 assy

172 2075 211 2121 se
227 2055 385 2142 eomprio
402 2058 499 2123 tudo.

240 2171 334 2242 Nam¹
346 2193 383 2237 se
395 2179 576 2258 espontartt
588 2172 714 2241 d’estas
726 2195 851 2241 cousas
863 2195 965 2260 quem
978 2172 1175 2250 considerat
1186 2193 1208 2238 0
1219 2169 1329 2236 inuito
1340 2190 1409 2253 que

174 2305 212 2349 os
232 2297 356 2353 santos
375 2287 557 2356 estimerEo
581 2313 601 2355 a
624 2291 812 2358 excellente
835 2289 972 2358 virtude
995 2290 1040 2355 da
1060 2287 1203 2374 perseita
1224 2306 1365 2372 putem,
1389 2307 1410 2351 e

174 2413 306 2484 quanto
322 2403 546 2490 castigarioo
563 2405 652 2497 uicio
664 2405 849 2484 contrario;
864 2405 908 2472 de
919 2403 1016 2470 cuios
1026 2402 1214 2488 exemplum
1229 2411 1328 2487 posto
1340 2419 1408 2485 que

175 2522 241 2582 nto
258 2517 333 2585 seia
353 2539 431 2584 meu
452 2518 598 2600 intento,
619 2541 764 2606 pareceo
784 2519 922 2587 todauia
943 2531 1053 2586 trazer
1072 2517 1152 2604 aqui
1172 2519 1268 2596 hum,
1287 2537 1355 2600 que
1371 2535 1409 2581 se

173 2644 276 2700 conta
294 2655 340 2700 no
358 2633 409 2700 2.⁰
428 2643 519 2701 tomo
535 2637 598 2702 dos
610 2636 784 2719 concilios‚
800 2659 845 2703 no
857 2637 990 2705 decimo
1006 2633 1152 2702 concilio
1168 2634 1330 2711 toletam,
1345 2652 1408 2717 por

173 2759 264 2816 estas
279 2749 452 2836 palauras.

396 2949 612 2998 «eucnemon
637 2950 706 2998 nno
731 2949 893 2997 Poenino
918 2949 1094 2996 muscoso
1118 2939 1140 2967 ¹²²
1163 2929 1191 2962 ‘⁸

241 3098 299 3164 60.
346 3099 536 3166 Assumere
556 3109 753 3184 poteramus
769 3119 930 3166 canoram
946 3097 981 3163 in
999 3107 1132 3164 tantum
1149 3099 1320 3162 fraternae
1334 3094 1407 3160 lae-

178 3210 269 3280 titiae
286 3211 417 3293 tibiam,
436 3214 515 3298 quia
532 3213 650 3280 diuina
666 3215 775 3300 pietas
790 3226 1001 3281 conuentum
1022 3224 1178 3279 nostrum
1199 3213 1242 3278 ad
1262 3230 1407 3277 concor-

176 3327 250 3396 diae
277 3339 532 3396 conuocauerat
559 3329 685 3409 studia,
710 3341 745 3396 et
773 3339 983 3412 conuenerat
1010 3327 1214 3395 maestitiam
1241 3326 1351 3392 uitare
1378 3337 1404 3406 ¹¹,

178 3445 337 3524 quoniam
355 3443 552 3512 uisitatione
572 3445 771 3532 disciplinae
791 3444 993 3512 uidebamur
1014 3455 1174 3531 paternas
1194 3443 1333 3530 regulas
1353 3439 1407 3506 in-

178 3579 334 3626 nouasse.
350 3562 419 3630 Sed
435 3561 577 3646 grauius
593 3563 730 3629 sistrum
744 3583 804 3648 pro
817 3561 974 3646 cymbalo
986 3561 1165 3640 sumimuS,
1180 3570 1215 3626 et
1228 3559 1333 3624 funus
1344 3578 1408 3642 pro

178 3676 326 3742 carmine
349 3679 584 3758 decantantes„
605 3689 853 3764 gementesque
874 3697 953 3743 cum
975 3675 1171 3744 Hieremiae
1191 3686 1205 3716 ⁰
1229 3672 1366 3742 fletibus
1392 3683 1409 3723 P

179 3788 333 3857 dicimus:
353 3791 567 3859 Dissolutum
584 3804 636 3861 est
652 3793 817 3879 gaudium
834 3791 950 3859 cordis
966 3791 1085 3872 nostri,
1104 3812 1225 3858 uersus
1240 3800 1292 3855 est
1305 3789 1339 3854 in
1353 3789 1407 3853 lu-

224 4010 244 4036 m
288 3995 398 4052 Vnrt'os
415 3996 554 4052 lectiones
569 3996 660 4067 hujus
677 3997 799 4053 Decreti
815 3998 1002 4052 desumimus
1018 4014 1054 4052 ex
1074 3993 1253 4051 collectione
1270 3992 1408 4047 maxima

177 4085 367 4139 conciliorum
381 4088 519 4141 omnium
533 4086 714 4156 Hispaniae,
728 4092 851 4142 anctore
865 4087 962 4142 Saenz
974 4088 1009 4141 de
1023 4085 1172 4158 Aguirre,
1182 4085 1274 4140 citato
1286 4086 1408 4136 tantum

181 4175 351 4245 cognomine
369 4175 553 4248 «Aguirren.
590 4191 639 4218 -11
663 4176 699 4232 In
717 4178 872 4250 margine:
885 4177 1016 4231 abnuere
1034 4174 1127 4230 uitae.
1168 4187 1217 4218 -ο
1236 4173 1355 4226 Threno
1373 4184 1403 4238 5.

117 4261 121 4270 '
180 4277 203 4315 c.
217 4279 269 4318 mr.
308 4279 358 4318 -Ρ
370 4263 525 4337 questibus
538 4265 686 4339 Aguirre.

158 4430 162 4448 ¹
228 4447 252 4480 ⁴⁸
288 4445 363 4502 Vide
376 4447 431 4501 hoc
448 4445 600 4501 decretum
623 4445 700 4517 apud
719 4447 874 4516 Adurnmt,
896 4445 1036 4501 Collectio
1053 4445 1191 4500 rnanimn
1208 4441 1407 4498 conciliorum

181 4535 309 4589 omnium
322 4535 528 4606 Hispaniae...
543 4535 648 4590 Editio
661 4536 797 4591 altero...
812 4534 898 4590 novis
915 4533 1129 4590 Additionibus
1141 4537 1267 4588 aucta...
1283 4535 1408 4585 auctore

177 4619 298 4696 josepho
311 4624 499 4696 Cerauno,
513 4632 534 4679 t.
549 4624 602 4693 IV,
617 4641 684 4696 pag.
699 4637 758 4693 157,
774 4625 878 4696 Roma,
895 4637 974 4693 ¹754·
