3500 5367
758 380 858 448 184
1507 385 1747 442 Momm
1756 396 1924 441 anu
1961 387 2318 441 Its-numm

679 544 867 600 etum
903 536 1151 600 charus
1192 547 1429 606 noster
1473 538 1552 602 ⁴⁸..
1601 538 1802 605 Vnde
1844 549 1913 604 et
1956 560 2085 606 uae
2127 559 2355 604 coram
2403 536 2602 604 nobis
2648 536 3147 624 conspicimuS,

683 648 999 732 quoniam
1039 651 1362 720 ceeidisse
1394 674 1716 719 coronam
1748 653 1991 739 capitis
2022 652 2237 720 nostri
2272 653 2609 736 uidemus,
2645 654 2806 719 dum
2842 664 2981 718 tam
3017 673 3152 716 no-

691 768 819 832 bile
855 768 923 832 in
959 768 1265 833 infimum
1299 769 1578 851 corruit,
1607 771 1793 854 quod
1817 769 1888 834 in
1916 781 2050 836 tam
2076 770 2368 837 sublime
2392 769 2774 836 sanctitatis
2805 768 3152 855 optimum

687 880 875 948 stetit
907 896 959 948 q,
1908 895 1911 900 '
2952 896 2957 902 ’

823 1004 999 1066 Ecce
1035 999 1284 1068 atenim
1319 1002 1772 1069 tractantibus
1804 1003 2001 1070 nobis
2032 1003 2105 1070 in
2136 1025 2306 1089 paee
2344 1014 2367 1042 ¹
2396 1004 2484 1068 de
2523 1000 3005 1070 ecclesiasticis
3042 1021 3157 1065 re-

691 1115 895 1200 gulis,
935 1116 1234 1181 tle-iatum
1267 1127 1372 1184 est
1404 1119 1776 1185 conuentui
1812 1132 2046 1185 nostro
2078 1118 2467 1205 epistolium
2501 1118 2831 1185 confusae
2871 1117 3156 1183 confes-

687 1232 927 1308 sionis,
967 1244 1035 1296 et
1079 1232 1453 1300 abolendae
1494 1219 2014 1320 subscriptionis
2054 1248 2100 1315 ⁸,
2146 1236 2381 1321 quo[d]
2424 1242 2443 1274 t
2489 1232 2865 1313 PotamiuS,
2900 1234 3124 1299 braca

691 1348 907 1412 tensis
943 1346 1270 1413 ecelesiae
1302 1348 1687 1434 episcopus,
1724 1352 1811 1415 de
1844 1352 2042 1417 factis
2081 1349 2393 1437 propriis,
2432 1348 2711 1434 suisque
2750 1347 2981 1414 verbis
3028 1347 3157 1412 ad-

691 1476 983 1540 notarat,
1023 1476 1087 1528 et
1139 1463 1460 1532 articulis.
1501 1466 1661 1549 Quo
1709 1477 2033 1544 reseram,
2087 1464 2251 1550 quid
2300 1465 2718 1531 obliteranda
2763 1462 3048 1549 pagina,
3089 1473 3160 1529 et

691 1580 1027 1644 abolenda
1079 1580 1453 1646 litterarum
1509 1583 1888 1666 panderent
1936 1583 2299 1660 elementa,
2344 1580 2621 1648 fletibus
2664 1579 2891 1665 potius
2939 1599 3155 1661 quam

691 1696 1123 1760 aei-manilius
1163 1695 1582 1780 lachrymosa
1613 1697 1855 1764 concio
1882 1696 2251 1764 recensuit.

831 1812 1025 1876 Tune
1059 1810 1354 1878 solitarie
1387 1821 1677 1892 tantum,
1708 1813 2161 1896 secretimque
2186 1810 2503 1877 adunatis
2528 1809 2966 1896 pontificibus
2989 1807 3153 1885 Dei,

697 1928 1115 2012 praedictum
1151 1926 1542 2013 episcopum
1585 1930 1825 2019 adesse
1867 1949 2095 1994 coram
2138 1925 2338 1993 nobis
2380 1925 2691 1992 fecimus.
2730 1925 2957 2008 Quem
3007 1922 3156 1989 sin-

695 2044 1007 2128 gultibus
1039 2042 1519 2128 aggredientes
1550 2042 1842 2129 amplius
1874 2066 2080 2129 quam
2113 2043 2424 2128 loquelis,
2463 2051 2831 2109 reseratam
2863 2039 2959 2119 illi
2987 2061 3160 2105 suae

691 2160 1139 2224 deformitatis
1209 2169 1279 2226 et
1357 2169 1630 2228 nostrae
1700 2159 2126 2225 confusionis
2195 2157 2602 2244 scripturam
2675 2154 3155 2242 praetulimus,

699 2276 923 2356 Quam
963 2272 1328 2356 accipiens,
1365 2295 1445 2340 ac
1478 2296 1837 2342 recurrens
1877 2287 1928 2354 ¹¹,
1964 2271 2473 2341 sciscitantibus
2505 2271 2727 2350 nobiS,
2773 2283 3007 2335 utrum
3052 2267 3158 2335 sui

699 2388 923 2472 aperis
959 2400 1027 2456 et
1059 2411 1224 2458 auae
1257 2390 1816 2457 annunciationis
1837 2403 1868 2430 V
1898 2389 2233 2456 intimatio
2266 2400 2479 2470 esset3
2516 2388 2630 2454 ille
2661 2408 2863 2453 suum
2898 2397 3158 2463 actum,

699 2504 943 2588 auique
971 2504 1103 2568 aris
1131 2504 1499 2589 eloquium,
1530 2526 1809 2571 suorum
1835 2527 2108 2591 quoque
2132 2504 2504 2591 digitorum
2537 2525 2690 2571 esse
2726 2504 2934 2568 robur
2967 2522 3164 2567 asse-

703 2620 859 2696 ruit,
899 2624 1079 2704 quad
1115 2619 1249 2686 illic
1282 2622 1651 2706 relegendo
1682 2621 2000 2705 peruidit.
2034 2624 2329 2688 Rursum
2354 2619 2570 2686 diuini
2595 2617 2894 2684 nominis
2919 2626 3162 2682 conte-

703 2736 995 2800 statione
1043 2740 1224 2801 hunc
1271 2736 1688 2821 adjuranteS,
1725 2737 2045 2805 obtestati
2097 2757 2334 2802 sumus
2376 2746 2473 2815 vt,
2520 2758 2606 2801 an
2654 2735 2742 2801 de
2795 2755 2871 2801 se
2918 2743 3164 2817 sponte

707 2852 1131 2916 menda-cium
1166 2851 1446 2932 diceret,
1485 2864 1604 2918 aut
1635 2852 1924 2920 alicuius
1958 2838 2281 2920 violentia
2313 2862 2761 2938 premeretur,
2797 2861 2867 2915 et
2898 2858 3164 2934 perter-

707 2968 875 3032 ritus
907 2968 1067 3032 talia
1099 2977 1446 3034 enarraret
1477 2981 1530 3049 ¹,
1566 2967 1902 3036 veraciter
1934 2967 2287 3033 indicaret.
2334 2966 2475 3050 Qui
2522 2987 2685 3032 mox
2715 2963 2923 3030 flebili
2964 2983 3161 3039 voce,

703 3084 1214 3168 luminibusque
1247 3084 1516 3168 ploratu
1557 3083 2025 3163 madentibuS,
2064 3094 2133 3148 et
2179 3085 2452 3169 fragore
2498 3081 2957 3167 singultuum,
3004 3100 3164 3145 curn

711 3200 911 3264 unius
963 3200 1087 3264 Dei
1137 3198 1428 3264 nominis
1469 3198 1850 3268 iuramento
1892 3198 2237 3278 clamauit,
2274 3221 2348 3266 se
2393 3209 2463 3266 et
2505 3219 2666 3264 vere
2710 3197 2947 3265 eadem
2992 3196 3170 3261 mala

703 3312 791 3380 tle
823 3336 895 3376 aa
931 3313 1265 3394 confiteri,
1300 3326 1370 3380 et
1401 3317 1489 3380 ad
1519 3317 1689 3381 haec
1720 3316 2110 3382 confitenda
2143 3315 2329 3381 nulla
2361 3336 2437 3381 se
2484 3313 2807 3381 uiolentia
2841 3318 3170 3397 praegra-

711 3428 879 3492 uari.
923 3432 1119 3496 Unda
1155 3429 1352 3496 etiam
1389 3431 1600 3497 ferme
1633 3451 1751 3515 per
1785 3451 2033 3495 nouem
2067 3450 2339 3497 menses
2370 3439 2615 3515 sponte
2640 3427 3028 3495 deseruisse
3065 3447 3170 3491 re·

707 3544 943 3628 gimea
975 3544 1301 3612 ecelesiae
1332 3567 1522 3626 suae,
1561 3556 1630 3613 et
1663 3546 2013 3631 ergastulo
2046 3545 2368 3629 quodam,
2408 3564 2529 3630 pro
2568 3542 2867 3609 admisso
2912 3539 3170 3628 flagitio

703 3672 987 3724 aeturus
1023 3660 1533 3747 paenitentiam,
1572 3683 1647 3728 se
1678 3660 2102 3727 conclusisse
2134 3661 2368 3727 edixit.
2751 3741 2757 3746 ,

847 3776 1039 3840 Tunc
1075 3798 1193 3860 per
1224 3777 1495 3844 fidelem
1527 3779 1986 3843 confessorem
2019 3790 2046 3827 y
2080 3775 2251 3856 eiuS,
2296 3774 2535 3862 agnito
2576 3775 2760 3859 quod
2803 3783 2990 3841 tactu
3021 3771 3169 3839 foe-

711 3888 935 3956 minea
967 3893 1366 3988 sorduisset,
1402 3904 1472 3958 et
1502 3892 1878 3972 declarat03
1916 3892 2073 3960 licet
2108 3895 2291 3964 hunc
2325 3902 2608 3976 paterna
2648 3889 3019 3974 antiquitas
3063 3909 3167 3963 sa·-

707 4008 843 4072 εει-ἰῇ
879 4008 1135 4092 regalis
1166 4007 1461 4076 deiicere
1491 4009 1578 4075 ab
1613 4011 1873 4075 honore
1902 4010 2249 4088 decernat,
2287 4029 2413 4074 nos
2437 4017 2677 4073 -tamen
2716 4000 3167 4071 miserationis

1063 4132 1105 4140 ..—

815 4200 843 4236 a
923 4184 995 4240 In
1039 4188 1346 4259 umrgine:
1394 4194 1581 4255 stans,
1623 4186 1938 4241 sublimem
1988 4184 2322 4240 sanctitatis
2366 4183 2625 4239 obtinuit
2667 4190 2910 4238 statum.
2988 4179 3166 4232 -rin

711 4288 855 4344 paee
887 4276 995 4328 [lei
1027 4276 1321 4348 Aguirre.
1397 4292 1492 4318 -s
1532 4276 1605 4330 In
1633 4278 1956 4349 margine:
1990 4272 2470 4346 conscriptionis·
2552 4283 2641 4315 —t
2674 4271 2834 4345 quod
2873 4270 3166 4344 Aguirre.

715 4376 807 4400 -τι
859 4364 927 4416 fn
971 4364 1278 4436 fsmrgine:
1318 4363 1469 4419 forte
1509 4381 1813 4436 pcurrenS.
1891 4379 1991 4406 ...v
2029 4372 2089 4418 et
2124 4381 2268 4419 suae
2303 4362 2697 4418 annotationis
2733 4359 3032 4434 Aguirre.
3106 4386 3167 4397 —-

711 4468 735 4492 π
775 4460 1011 4504 enarrat
1039 4451 1331 4524 Aguirre.
1408 4470 1508 4508 ——y
1543 4453 1782 4509 fidelem
1808 4452 2240 4508 confessionem
2268 4453 2569 4526 Aguirre.

827 4608 867 4636 “¹
943 4604 1212 4677 THaaa„
1246 4605 1322 4675 V,
1355 4617 1439 4674 15.

3220 3543 3240 3574 t
