<?xml version="1.0" encoding="UTF-8"?>
<!DOCTYPE html PUBLIC "-//W3C//DTD XHTML 1.0 Transitional//EN"
    "http://www.w3.org/TR/xhtml1/DTD/xhtml1-transitional.dtd">
<html xmlns="http://www.w3.org/1999/xhtml" xml:lang="en" lang="en">
 <head>
  <title>
</title>
<meta http-equiv="Content-Type" content="text/html;charset=utf-8" />
  <meta name='ocr-system' content='tesseract 3.04.00' />
  <meta name='ocr-capabilities' content='ocr_page ocr_carea ocr_par ocr_line ocrx_word'/>
</head>
<body>
  <div class='ocr_page' id='page_1' title='image "./monumentaignati00ignagoog/monumentaignati00ignagoog_0515.png"; bbox 0 0 3500 5367; ppageno 0'>
   <div class='ocr_carea' id='block_1_1' title="bbox 389 474 1387 547">
    <p class='ocr_par' dir='ltr' id='par_1_1' title="bbox 389 474 1387 547">
     <span class='ocr_line' id='line_1_1' title="bbox 389 474 1387 547; baseline 0.004 -18"><span class='ocrx_word' id='word_1_1' title='bbox 389 475 573 531; x_wconf 74' lang='lat' dir='ltr'><strong>Drcmumn</strong></span> <span class='ocrx_word' id='word_1_2' title='bbox 591 474 623 531; x_wconf 63' lang='lat' dir='ltr'>S</span> <span class='ocrx_word' id='word_1_3' title='bbox 645 474 767 531; x_wconf 70' lang='lat' dir='ltr'><strong>[curru</strong></span> <span class='ocrx_word' id='word_1_4' title='bbox 784 488 806 530; x_wconf 75' lang='lat' dir='ltr'><strong>a</strong></span> <span class='ocrx_word' id='word_1_5' title='bbox 824 474 859 529; x_wconf 90' lang='grc' dir='ltr'><strong>Ρ.</strong></span> <span class='ocrx_word' id='word_1_6' title='bbox 880 474 1035 533; x_wconf 72' lang='lat' dir='ltr'><strong>Lascrcro</strong></span> <span class='ocrx_word' id='word_1_7' title='bbox 1053 488 1221 533; x_wconf 72' lang='lat' dir='ltr'><strong>correcta</strong></span> <span class='ocrx_word' id='word_1_8' title='bbox 1333 490 1387 547; x_wconf 82' lang='lat'><strong>505</strong></span> 
     </span>
    </p>
   </div>
   <div class='ocr_carea' id='block_1_2' title="bbox 179 626 1464 3264">
    <p class='ocr_par' dir='ltr' id='par_1_2' title="bbox 183 626 1464 831">
     <span class='ocr_line' id='line_1_2' title="bbox 184 626 1464 718; baseline 0.004 -25"><span class='ocrx_word' id='word_1_9' title='bbox 184 638 239 699; x_wconf 85' lang='lat' dir='ltr'><strong>ret</strong></span> <span class='ocrx_word' id='word_1_10' title='bbox 256 626 398 709; x_wconf 89' lang='lat' dir='ltr'><strong>tamdiu,</strong></span> <span class='ocrx_word' id='word_1_11' title='bbox 416 628 527 697; x_wconf 89' lang='lat' dir='ltr'><strong>donec</strong></span> <span class='ocrx_word' id='word_1_12' title='bbox 547 646 752 714; x_wconf 89' lang='lat' dir='ltr'><strong>responsum</strong></span> <span class='ocrx_word' id='word_1_13' title='bbox 769 626 953 714; x_wconf 60' lang='lat' dir='ltr'><strong>acciperem</strong></span> <span class='ocrx_word' id='word_1_14' title='bbox 970 638 1006 696; x_wconf 88' lang='lat' dir='ltr'><strong>et</strong></span> <span class='ocrx_word' id='word_1_15' title='bbox 1026 629 1130 696; x_wconf 88' lang='lat' dir='ltr'><strong>Pater</strong></span> <span class='ocrx_word' id='word_1_16' title='bbox 1148 640 1267 697; x_wconf 89' lang='lat' dir='ltr'><strong>noster</strong></span> <span class='ocrx_word' id='word_1_17' title='bbox 1284 629 1427 718; x_wconf 89' lang='lat' dir='ltr'><strong>[certior</strong></span> <span class='ocrx_word' id='word_1_18' title='bbox 1461 712 1464 715; x_wconf 13' lang='lat'><strong>⁴</strong></span> 
     </span>
     <span class='ocr_line' id='line_1_3' title="bbox 183 742 1450 831; baseline 0.002 -21"><span class='ocrx_word' id='word_1_19' title='bbox 183 742 260 811; x_wconf 82' lang='lat' dir='ltr'><strong>fieri</strong></span> <span class='ocrx_word' id='word_1_20' title='bbox 276 742 425 831; x_wconf 86' lang='lat' dir='ltr'><strong>volebat]</strong></span> <span class='ocrx_word' id='word_1_21' title='bbox 441 744 485 811; x_wconf 89' lang='lat' dir='ltr'><strong>de</strong></span> <span class='ocrx_word' id='word_1_22' title='bbox 501 744 591 809; x_wconf 82' lang='lat' dir='ltr'><strong>sacta</strong></span> <span class='ocrx_word' id='word_1_23' title='bbox 607 742 664 810; x_wconf 89' lang='lat' dir='ltr'><strong>illa</strong></span> <span class='ocrx_word' id='word_1_24' title='bbox 680 767 729 824; x_wconf 90' lang='lat' dir='ltr'><strong>re,</strong></span> <span class='ocrx_word' id='word_1_25' title='bbox 748 765 850 831; x_wconf 79' lang='lat' dir='ltr'><strong>quam</strong></span> <span class='ocrx_word' id='word_1_26' title='bbox 866 744 899 813; x_wconf 90' lang='lat' dir='ltr'><strong>ei</strong></span> <span class='ocrx_word' id='word_1_27' title='bbox 916 743 1107 813; x_wconf 84' lang='lat' dir='ltr'><strong>faciendam</strong></span> <span class='ocrx_word' id='word_1_28' title='bbox 1122 742 1329 813; x_wconf 80' lang='lat' dir='ltr'><strong>iniunxerat.</strong></span> <span class='ocrx_word' id='word_1_29' title='bbox 1444 787 1450 796; x_wconf 89' lang='lat'><em>-</em></span> 
     </span>
    </p>

    <p class='ocr_par' dir='ltr' id='par_1_3' title="bbox 181 858 1423 1641">
     <span class='ocr_line' id='line_1_4' title="bbox 251 858 1423 947; baseline 0.002 -20"><span class='ocrx_word' id='word_1_30' title='bbox 251 860 345 927; x_wconf 89' lang='lat' dir='ltr'><strong>Cum</strong></span> <span class='ocrx_word' id='word_1_31' title='bbox 364 861 405 928; x_wconf 89' lang='lat' dir='ltr'><strong>P.</strong></span> <span class='ocrx_word' id='word_1_32' title='bbox 422 858 576 926; x_wconf 88' lang='lat' dir='ltr'><strong>Didacus</strong></span> <span class='ocrx_word' id='word_1_33' title='bbox 591 860 805 940; x_wconf 87' lang='lat' dir='ltr'><strong>Guzmanus,</strong></span> <span class='ocrx_word' id='word_1_34' title='bbox 823 858 925 926; x_wconf 89' lang='lat' dir='ltr'><strong>nimis</strong></span> <span class='ocrx_word' id='word_1_35' title='bbox 946 862 1115 947; x_wconf 87' lang='lat' dir='ltr'><strong>urgendo,</strong></span> <span class='ocrx_word' id='word_1_36' title='bbox 1137 860 1291 947; x_wconf 87' lang='lat' dir='ltr'><strong>petiisset</strong></span> <span class='ocrx_word' id='word_1_37' title='bbox 1313 861 1423 931; x_wconf 82' lang='lat' dir='ltr'><strong>licen·</strong></span> 
     </span>
     <span class='ocr_line' id='line_1_5' title="bbox 183 974 1422 1064; baseline 0.004 -24"><span class='ocrx_word' id='word_1_38' title='bbox 183 975 269 1041; x_wconf 90' lang='lat' dir='ltr'><strong>tiam</strong></span> <span class='ocrx_word' id='word_1_39' title='bbox 301 976 487 1043; x_wconf 84' lang='lat' dir='ltr'>Lauretum</span> <span class='ocrx_word' id='word_1_40' title='bbox 519 974 760 1062; x_wconf 83' lang='lat' dir='ltr'><strong>peregrinandi</strong></span> <span class='ocrx_word' id='word_1_41' title='bbox 791 996 853 1061; x_wconf 90' lang='lat' dir='ltr'><strong>pro</strong></span> <span class='ocrx_word' id='word_1_42' title='bbox 890 975 1104 1061; x_wconf 90' lang='lat' dir='ltr'><strong>impetranda</strong></span> <span class='ocrx_word' id='word_1_43' title='bbox 1134 975 1281 1044; x_wconf 88' lang='lat' dir='ltr'><strong>sanitate</strong></span> <span class='ocrx_word' id='word_1_44' title='bbox 1312 1000 1422 1064; x_wconf 89' lang='lat' dir='ltr'><strong>papae</strong></span> 
     </span>
     <span class='ocr_line' id='line_1_6' title="bbox 183 1090 1423 1179; baseline 0.002 -20"><span class='ocrx_word' id='word_1_45' title='bbox 183 1091 362 1172; x_wconf 87' lang='lat' dir='ltr'><strong>Marcello,</strong></span> <span class='ocrx_word' id='word_1_46' title='bbox 380 1102 521 1159; x_wconf 88' lang='lat' dir='ltr'><strong>sanctus</strong></span> <span class='ocrx_word' id='word_1_47' title='bbox 538 1094 641 1161; x_wconf 87' lang='lat' dir='ltr'><strong>Pater</strong></span> <span class='ocrx_word' id='word_1_48' title='bbox 656 1090 829 1177; x_wconf 84' lang='lat' dir='ltr'>publicam</span> <span class='ocrx_word' id='word_1_49' title='bbox 848 1090 1064 1179; x_wconf 74' lang='lat' dir='ltr'>disciplinam</span> <span class='ocrx_word' id='word_1_50' title='bbox 1079 1102 1221 1179; x_wconf 91' lang='lat' dir='ltr'><strong>propter</strong></span> <span class='ocrx_word' id='word_1_51' title='bbox 1240 1094 1331 1160; x_wconf 87' lang='lat' dir='ltr'><strong>hanc</strong></span> <span class='ocrx_word' id='word_1_52' title='bbox 1346 1094 1423 1161; x_wconf 91' lang='lat' dir='ltr'><strong>eius</strong></span> 
     </span>
     <span class='ocr_line' id='line_1_7' title="bbox 183 1206 1422 1296; baseline 0.001 -23"><span class='ocrx_word' id='word_1_53' title='bbox 183 1206 417 1293; x_wconf 85' lang='lat' dir='ltr'><strong>importunam</strong></span> <span class='ocrx_word' id='word_1_54' title='bbox 432 1206 633 1294; x_wconf 83' lang='lat' dir='ltr'><strong>petitionem</strong></span> <span class='ocrx_word' id='word_1_55' title='bbox 649 1206 811 1290; x_wconf 85' lang='lat' dir='ltr'><strong>iniunxit,</strong></span> <span class='ocrx_word' id='word_1_56' title='bbox 825 1229 1022 1293; x_wconf 84' lang='lat' dir='ltr'><strong>quanquam</strong></span> <span class='ocrx_word' id='word_1_57' title='bbox 1033 1219 1153 1296; x_wconf 90' lang='lat' dir='ltr'><strong>postea</strong></span> <span class='ocrx_word' id='word_1_58' title='bbox 1169 1230 1245 1277; x_wconf 88' lang='lat' dir='ltr'><strong>eam</strong></span> <span class='ocrx_word' id='word_1_59' title='bbox 1258 1207 1293 1275; x_wconf 92' lang='lat' dir='ltr'><strong>in</strong></span> <span class='ocrx_word' id='word_1_60' title='bbox 1306 1210 1422 1296; x_wconf 90' lang='lat' dir='ltr'><strong>publi-</strong></span> 
     </span>
     <span class='ocr_line' id='line_1_8' title="bbox 182 1322 1422 1412; baseline 0.003 -23"><span class='ocrx_word' id='word_1_61' title='bbox 182 1344 261 1391; x_wconf 86' lang='lat' dir='ltr'><strong>cam</strong></span> <span class='ocrx_word' id='word_1_62' title='bbox 283 1323 606 1410; x_wconf 88' lang='lat' dir='ltr'><strong>repraehensionem</strong></span> <span class='ocrx_word' id='word_1_63' title='bbox 626 1322 863 1403; x_wconf 90' lang='lat' dir='ltr'><strong>commutauit,</strong></span> <span class='ocrx_word' id='word_1_64' title='bbox 883 1334 923 1391; x_wconf 90' lang='lat' dir='ltr'><strong>ut</strong></span> <span class='ocrx_word' id='word_1_65' title='bbox 942 1345 1040 1391; x_wconf 88' lang='lat' dir='ltr'><strong>suam</strong></span> <span class='ocrx_word' id='word_1_66' title='bbox 1061 1324 1198 1412; x_wconf 89' lang='lat' dir='ltr'><strong>culpam</strong></span> <span class='ocrx_word' id='word_1_67' title='bbox 1218 1324 1361 1407; x_wconf 84' lang='lat' dir='ltr'><strong>diceret3</strong></span> <span class='ocrx_word' id='word_1_68' title='bbox 1379 1348 1422 1395; x_wconf 89' lang='lat' dir='ltr'><strong>eo</strong></span> 
     </span>
     <span class='ocr_line' id='line_1_9' title="bbox 181 1436 1422 1526; baseline 0.001 -21"><span class='ocrx_word' id='word_1_69' title='bbox 181 1438 278 1524; x_wconf 92' lang='lat' dir='ltr'><strong>quod</strong></span> <span class='ocrx_word' id='word_1_70' title='bbox 299 1436 369 1507; x_wconf 84' lang='lat' dir='ltr'><strong>non</strong></span> <span class='ocrx_word' id='word_1_71' title='bbox 390 1439 539 1506; x_wconf 89' lang='lat' dir='ltr'><strong>debeant</strong></span> <span class='ocrx_word' id='word_1_72' title='bbox 558 1437 639 1505; x_wconf 88' lang='lat' dir='ltr'><strong>talia</strong></span> <span class='ocrx_word' id='word_1_73' title='bbox 666 1438 794 1525; x_wconf 88' lang='lat' dir='ltr'><strong>vrgeri,</strong></span> <span class='ocrx_word' id='word_1_74' title='bbox 817 1440 880 1507; x_wconf 90' lang='lat' dir='ltr'><strong>sed</strong></span> <span class='ocrx_word' id='word_1_75' title='bbox 900 1450 1034 1505; x_wconf 89' lang='lat' dir='ltr'><strong>tanturn</strong></span> <span class='ocrx_word' id='word_1_76' title='bbox 1056 1442 1148 1507; x_wconf 89' lang='lat' dir='ltr'><strong>nude</strong></span> <span class='ocrx_word' id='word_1_77' title='bbox 1168 1451 1203 1506; x_wconf 90' lang='lat' dir='ltr'><strong>et</strong></span> <span class='ocrx_word' id='word_1_78' title='bbox 1223 1438 1422 1526; x_wconf 88' lang='lat' dir='ltr'><strong>simpliciter</strong></span> 
     </span>
     <span class='ocr_line' id='line_1_10' title="bbox 181 1552 968 1641; baseline 0.003 -21"><span class='ocrx_word' id='word_1_79' title='bbox 181 1552 354 1641; x_wconf 86' lang='lat' dir='ltr'><strong>superiori</strong></span> <span class='ocrx_word' id='word_1_80' title='bbox 368 1554 524 1641; x_wconf 89' lang='lat' dir='ltr'><strong>proponi.</strong></span> <span class='ocrx_word' id='word_1_81' title='bbox 966 1633 968 1638; x_wconf 23' lang='lat'><strong>¹</strong></span> 
     </span>
    </p>

    <p class='ocr_par' dir='ltr' id='par_1_4' title="bbox 179 1670 1421 2089">
     <span class='ocr_line' id='line_1_11' title="bbox 252 1670 1419 1757; baseline 0.002 -18"><span class='ocrx_word' id='word_1_82' title='bbox 252 1672 343 1739; x_wconf 92' lang='lat' dir='ltr'><strong>Cum</strong></span> <span class='ocrx_word' id='word_1_83' title='bbox 371 1670 510 1757; x_wconf 92' lang='lat' dir='ltr'><strong>quidam</strong></span> <span class='ocrx_word' id='word_1_84' title='bbox 527 1672 604 1737; x_wconf 90' lang='lat' dir='ltr'><strong>ioco</strong></span> <span class='ocrx_word' id='word_1_85' title='bbox 625 1670 770 1740; x_wconf 83' lang='lat' dir='ltr'><strong>dixisset</strong></span> <span class='ocrx_word' id='word_1_86' title='bbox 796 1672 965 1756; x_wconf 84' lang='lat' dir='ltr'><strong>quaedam</strong></span> <span class='ocrx_word' id='word_1_87' title='bbox 987 1670 1210 1753; x_wconf 89' lang='lat' dir='ltr'><strong>detractoria,</strong></span> <span class='ocrx_word' id='word_1_88' title='bbox 1233 1673 1295 1739; x_wconf 87' lang='lat' dir='ltr'><strong>sed</strong></span> <span class='ocrx_word' id='word_1_89' title='bbox 1322 1672 1419 1753; x_wconf 84' lang='lat' dir='ltr'><strong>falsa,</strong></span> 
     </span>
     <span class='ocr_line' id='line_1_12' title="bbox 180 1785 1420 1886; baseline 0.002 -34"><span class='ocrx_word' id='word_1_90' title='bbox 180 1796 329 1853; x_wconf 88' lang='lat' dir='ltr'><strong>sanctus</strong></span> <span class='ocrx_word' id='word_1_91' title='bbox 346 1788 448 1855; x_wconf 88' lang='lat' dir='ltr'><strong>Pater</strong></span> <span class='ocrx_word' id='word_1_92' title='bbox 465 1785 561 1854; x_wconf 84' lang='lat' dir='ltr'><strong>dedit</strong></span> <span class='ocrx_word' id='word_1_93' title='bbox 574 1785 790 1886; x_wconf 76' lang='lat' dir='ltr'><strong>disciplinam</strong></span> <span class='ocrx_word' id='word_1_94' title='bbox 806 1787 963 1873; x_wconf 86' lang='lat' dir='ltr'><strong>personis</strong></span> <span class='ocrx_word' id='word_1_95' title='bbox 984 1806 1036 1868; x_wconf 92' lang='lat'><strong>11,</strong></span> <span class='ocrx_word' id='word_1_96' title='bbox 1054 1786 1178 1874; x_wconf 85' lang='lat' dir='ltr'><strong>partim</strong></span> <span class='ocrx_word' id='word_1_97' title='bbox 1194 1790 1287 1873; x_wconf 91' lang='lat' dir='ltr'><strong>quod</strong></span> <span class='ocrx_word' id='word_1_98' title='bbox 1307 1788 1420 1857; x_wconf 90' lang='lat' dir='ltr'><strong>credi·</strong></span> 
     </span>
     <span class='ocr_line' id='line_1_13' title="bbox 179 1901 1421 1990; baseline 0.002 -23"><span class='ocrx_word' id='word_1_99' title='bbox 179 1901 318 1969; x_wconf 90' lang='lat' dir='ltr'><strong>dissent</strong></span> <span class='ocrx_word' id='word_1_100' title='bbox 340 1902 479 1984; x_wconf 90' lang='lat' dir='ltr'><strong>dicenti,</strong></span> <span class='ocrx_word' id='word_1_101' title='bbox 502 1902 624 1989; x_wconf 90' lang='lat' dir='ltr'><strong>partim</strong></span> <span class='ocrx_word' id='word_1_102' title='bbox 653 1904 745 1990; x_wconf 93' lang='lat' dir='ltr'><strong>quod</strong></span> <span class='ocrx_word' id='word_1_103' title='bbox 773 1913 808 1975; x_wconf 88' lang='lat' dir='ltr'><strong>et</strong></span> <span class='ocrx_word' id='word_1_104' title='bbox 835 1902 1061 1973; x_wconf 83' lang='lat' dir='ltr'><strong>credidissent</strong></span> <span class='ocrx_word' id='word_1_105' title='bbox 1087 1912 1123 1970; x_wconf 88' lang='lat' dir='ltr'><strong>et</strong></span> <span class='ocrx_word' id='word_1_106' title='bbox 1148 1904 1254 1972; x_wconf 90' lang='lat' dir='ltr'><strong>locuti</strong></span> <span class='ocrx_word' id='word_1_107' title='bbox 1276 1904 1421 1972; x_wconf 83' lang='lat' dir='ltr'><strong>fuissent</strong></span> 
     </span>
     <span class='ocr_line' id='line_1_14' title="bbox 180 2017 536 2089; baseline 0.017 -6"><span class='ocrx_word' id='word_1_108' title='bbox 180 2017 276 2086; x_wconf 90' lang='lat' dir='ltr'><strong>inter</strong></span> <span class='ocrx_word' id='word_1_109' title='bbox 291 2040 329 2086; x_wconf 87' lang='lat' dir='ltr'><strong>se</strong></span> <span class='ocrx_word' id='word_1_110' title='bbox 345 2020 411 2086; x_wconf 90' lang='lat' dir='ltr'><strong>hac</strong></span> <span class='ocrx_word' id='word_1_111' title='bbox 425 2020 470 2087; x_wconf 88' lang='lat' dir='ltr'><strong>de</strong></span> <span class='ocrx_word' id='word_1_112' title='bbox 487 2040 536 2089; x_wconf 87' lang='lat' dir='ltr'><strong>re.</strong></span> 
     </span>
    </p>

    <p class='ocr_par' dir='ltr' id='par_1_5' title="bbox 179 2133 1421 2803">
     <span class='ocr_line' id='line_1_15' title="bbox 251 2133 1421 2229; baseline 0.003 -28"><span class='ocrx_word' id='word_1_113' title='bbox 251 2133 404 2219; x_wconf 83' lang='lat' dir='ltr'><strong>Quidam</strong></span> <span class='ocrx_word' id='word_1_114' title='bbox 419 2157 440 2203; x_wconf 90' lang='lat' dir='ltr'><strong>e</strong></span> <span class='ocrx_word' id='word_1_115' title='bbox 455 2135 648 2223; x_wconf 84' lang='lat' dir='ltr'><strong>praecipuis</strong></span> <span class='ocrx_word' id='word_1_116' title='bbox 658 2136 846 2223; x_wconf 63' lang='lat' dir='ltr'><strong>magistris</strong></span> <span class='ocrx_word' id='word_1_117' title='bbox 863 2138 957 2229; x_wconf 88' lang='lat' dir='ltr'><strong>quod</strong></span> <span class='ocrx_word' id='word_1_118' title='bbox 974 2135 1130 2205; x_wconf 88' lang='lat' dir='ltr'><strong>Venetiis</strong></span> <span class='ocrx_word' id='word_1_119' title='bbox 1145 2136 1291 2204; x_wconf 89' lang='lat' dir='ltr'><strong>alterum</strong></span> <span class='ocrx_word' id='word_1_120' title='bbox 1305 2136 1421 2204; x_wconf 89' lang='lat' dir='ltr'><strong>uerbis</strong></span> 
     </span>
     <span class='ocr_line' id='line_1_16' title="bbox 179 2249 1421 2337; baseline 0.003 -22"><span class='ocrx_word' id='word_1_121' title='bbox 179 2249 424 2337; x_wconf 86' lang='lat' dir='ltr'><strong>pungentibus</strong></span> <span class='ocrx_word' id='word_1_122' title='bbox 444 2251 627 2335; x_wconf 83' lang='lat' dir='ltr'><strong>affecisset,</strong></span> <span class='ocrx_word' id='word_1_123' title='bbox 651 2250 715 2319; x_wconf 89' lang='lat' dir='ltr'><strong>etsi</strong></span> <span class='ocrx_word' id='word_1_124' title='bbox 738 2261 854 2321; x_wconf 88' lang='lat' dir='ltr'><strong>tantae</strong></span> <span class='ocrx_word' id='word_1_125' title='bbox 875 2252 1093 2320; x_wconf 88' lang='lat' dir='ltr'><strong>authoritatis</strong></span> <span class='ocrx_word' id='word_1_126' title='bbox 1112 2263 1204 2321; x_wconf 89' lang='lat' dir='ltr'><strong>esset</strong></span> <span class='ocrx_word' id='word_1_127' title='bbox 1226 2262 1263 2319; x_wconf 92' lang='lat' dir='ltr'><strong>ut</strong></span> <span class='ocrx_word' id='word_1_128' title='bbox 1283 2252 1358 2322; x_wconf 89' lang='lat' dir='ltr'><strong>sine</strong></span> <span class='ocrx_word' id='word_1_129' title='bbox 1378 2274 1421 2319; x_wconf 87' lang='lat' dir='ltr'><strong>eo</strong></span> 
     </span>
     <span class='ocr_line' id='line_1_17' title="bbox 179 2366 1420 2454; baseline 0.003 -21"><span class='ocrx_word' id='word_1_130' title='bbox 179 2366 328 2433; x_wconf 88' lang='lat' dir='ltr'><strong>scholae</strong></span> <span class='ocrx_word' id='word_1_131' title='bbox 347 2367 588 2437; x_wconf 89' lang='lat' dir='ltr'><strong>dissoluendae</strong></span> <span class='ocrx_word' id='word_1_132' title='bbox 610 2366 824 2450; x_wconf 90' lang='lat' dir='ltr'><strong>uiderentur,</strong></span> <span class='ocrx_word' id='word_1_133' title='bbox 847 2368 1006 2453; x_wconf 89' lang='lat' dir='ltr'><strong>quamvis</strong></span> <span class='ocrx_word' id='word_1_134' title='bbox 1024 2390 1087 2454; x_wconf 88' lang='lat' dir='ltr'><strong>pro</strong></span> <span class='ocrx_word' id='word_1_135' title='bbox 1107 2368 1166 2435; x_wconf 92' lang='lat' dir='ltr'><strong>illo</strong></span> <span class='ocrx_word' id='word_1_136' title='bbox 1187 2368 1420 2437; x_wconf 88' lang='lat' dir='ltr'><strong>intercedere-</strong></span> 
     </span>
     <span class='ocr_line' id='line_1_18' title="bbox 183 2482 1419 2571; baseline 0.001 -23"><span class='ocrx_word' id='word_1_137' title='bbox 183 2494 253 2563; x_wconf 89' lang='lat' dir='ltr'><strong>tur,</strong></span> <span class='ocrx_word' id='word_1_138' title='bbox 272 2492 414 2551; x_wconf 88' lang='lat' dir='ltr'><strong>sanctus</strong></span> <span class='ocrx_word' id='word_1_139' title='bbox 430 2486 534 2551; x_wconf 88' lang='lat' dir='ltr'><strong>Pater</strong></span> <span class='ocrx_word' id='word_1_140' title='bbox 554 2482 654 2550; x_wconf 87' lang='lat' dir='ltr'><strong>iussit</strong></span> <span class='ocrx_word' id='word_1_141' title='bbox 675 2504 753 2552; x_wconf 90' lang='lat' dir='ltr'><strong>eum</strong></span> <span class='ocrx_word' id='word_1_142' title='bbox 775 2482 864 2549; x_wconf 88' lang='lat' dir='ltr'><strong>mitti</strong></span> <span class='ocrx_word' id='word_1_143' title='bbox 885 2504 948 2569; x_wconf 92' lang='lat' dir='ltr'><strong>pro</strong></span> <span class='ocrx_word' id='word_1_144' title='bbox 967 2482 1179 2571; x_wconf 84' lang='lat' dir='ltr'><strong>poenitentia</strong></span> <span class='ocrx_word' id='word_1_145' title='bbox 1199 2486 1242 2550; x_wconf 88' lang='lat' dir='ltr'><strong>ad</strong></span> <span class='ocrx_word' id='word_1_146' title='bbox 1265 2483 1419 2571; x_wconf 87' lang='lat' dir='ltr'><strong>peregri-</strong></span> 
     </span>
     <span class='ocr_line' id='line_1_19' title="bbox 182 2596 1418 2684; baseline 0.001 -21"><span class='ocrx_word' id='word_1_147' title='bbox 182 2596 359 2664; x_wconf 88' lang='lat' dir='ltr'><strong>nationem</strong></span> <span class='ocrx_word' id='word_1_148' title='bbox 377 2618 396 2683; x_wconf 85' lang='lat'>3</span> <span class='ocrx_word' id='word_1_149' title='bbox 412 2598 594 2679; x_wconf 85' lang='lat' dir='ltr'><strong>mensium,</strong></span> <span class='ocrx_word' id='word_1_150' title='bbox 614 2609 649 2668; x_wconf 92' lang='lat' dir='ltr'><strong>et</strong></span> <span class='ocrx_word' id='word_1_151' title='bbox 672 2610 723 2682; x_wconf 87' lang='lat' dir='ltr'><strong>ut,</strong></span> <span class='ocrx_word' id='word_1_152' title='bbox 740 2620 782 2666; x_wconf 88' lang='lat' dir='ltr'><strong>ea</strong></span> <span class='ocrx_word' id='word_1_153' title='bbox 802 2597 912 2680; x_wconf 86' lang='lat' dir='ltr'><strong>finita,</strong></span> <span class='ocrx_word' id='word_1_154' title='bbox 942 2601 1084 2666; x_wconf 89' lang='lat' dir='ltr'><strong>Romam</strong></span> <span class='ocrx_word' id='word_1_155' title='bbox 1106 2598 1251 2680; x_wconf 89' lang='lat' dir='ltr'><strong>veniret;</strong></span> <span class='ocrx_word' id='word_1_156' title='bbox 1275 2600 1368 2684; x_wconf 92' lang='lat' dir='ltr'><strong>quod</strong></span> <span class='ocrx_word' id='word_1_157' title='bbox 1389 2597 1418 2665; x_wconf 90' lang='lat' dir='ltr'><strong>si</strong></span> 
     </span>
     <span class='ocr_line' id='line_1_20' title="bbox 182 2713 981 2803; baseline 0.004 -24"><span class='ocrx_word' id='word_1_158' title='bbox 182 2713 219 2779; x_wconf 94' lang='lat' dir='ltr'><strong>id</strong></span> <span class='ocrx_word' id='word_1_159' title='bbox 236 2714 351 2780; x_wconf 90' lang='lat' dir='ltr'><strong>facere</strong></span> <span class='ocrx_word' id='word_1_160' title='bbox 367 2714 486 2796; x_wconf 90' lang='lat' dir='ltr'><strong>nollet,</strong></span> <span class='ocrx_word' id='word_1_161' title='bbox 505 2724 543 2781; x_wconf 93' lang='lat' dir='ltr'><strong>ut</strong></span> <span class='ocrx_word' id='word_1_162' title='bbox 560 2736 579 2781; x_wconf 89' lang='lat' dir='ltr'><strong>e</strong></span> <span class='ocrx_word' id='word_1_163' title='bbox 596 2715 770 2783; x_wconf 83' lang='lat' dir='ltr'><strong>societate</strong></span> <span class='ocrx_word' id='word_1_164' title='bbox 786 2716 981 2803; x_wconf 85' lang='lat' dir='ltr'><strong>pelleretur.</strong></span> 
     </span>
    </p>

    <p class='ocr_par' dir='ltr' id='par_1_6' title="bbox 182 2830 1418 3033">
     <span class='ocr_line' id='line_1_21' title="bbox 251 2830 1418 2916; baseline 0.001 -21"><span class='ocrx_word' id='word_1_165' title='bbox 251 2830 437 2915; x_wconf 77' lang='lat' dir='ltr'><strong>Quendam</strong></span> <span class='ocrx_word' id='word_1_166' title='bbox 453 2830 669 2916; x_wconf 86' lang='lat' dir='ltr'><strong>Syluestrum</strong></span> <span class='ocrx_word' id='word_1_167' title='bbox 687 2830 711 2869; x_wconf 76' lang='lat'><strong>¹⁸</strong></span> <span class='ocrx_word' id='word_1_168' title='bbox 728 2831 934 2900; x_wconf 89' lang='lat' dir='ltr'><strong>eSocietate</strong></span> <span class='ocrx_word' id='word_1_169' title='bbox 945 2830 1116 2897; x_wconf 90' lang='lat' dir='ltr'><strong>dimittere</strong></span> <span class='ocrx_word' id='word_1_170' title='bbox 1130 2830 1239 2897; x_wconf 91' lang='lat' dir='ltr'><strong>uoluit</strong></span> <span class='ocrx_word' id='word_1_171' title='bbox 1250 2831 1295 2897; x_wconf 93' lang='lat' dir='ltr'><strong>ob</strong></span> <span class='ocrx_word' id='word_1_172' title='bbox 1312 2831 1418 2897; x_wconf 90' lang='lat' dir='ltr'><strong>solam</strong></span> 
     </span>
     <span class='ocr_line' id='line_1_22' title="bbox 182 2942 1350 3033; baseline 0.003 -24"><span class='ocrx_word' id='word_1_173' title='bbox 182 2942 452 3012; x_wconf 84' lang='lat' dir='ltr'><strong>inobedientiam</strong></span> <span class='ocrx_word' id='word_1_174' title='bbox 469 2967 553 3032; x_wconf 85' lang='lat' dir='ltr'><strong>erga</strong></span> <span class='ocrx_word' id='word_1_175' title='bbox 570 2945 754 3027; x_wconf 91' lang='lat' dir='ltr'><strong>medicum,</strong></span> <span class='ocrx_word' id='word_1_176' title='bbox 773 2956 926 3033; x_wconf 89' lang='lat' dir='ltr'><strong>tempore</strong></span> <span class='ocrx_word' id='word_1_177' title='bbox 941 2945 1147 3013; x_wconf 78' lang='lat' dir='ltr'><strong>infirmitatis</strong></span> <span class='ocrx_word' id='word_1_178' title='bbox 1163 2955 1350 3012; x_wconf 89' lang='lat' dir='ltr'><strong>ostensam.</strong></span> 
     </span>
    </p>

    <p class='ocr_par' dir='ltr' id='par_1_7' title="bbox 181 3060 1420 3264">
     <span class='ocr_line' id='line_1_23' title="bbox 251 3060 1420 3149; baseline 0.001 -22"><span class='ocrx_word' id='word_1_179' title='bbox 251 3060 473 3128; x_wconf 88' lang='lat' dir='ltr'><strong>Franciscum</strong></span> <span class='ocrx_word' id='word_1_180' title='bbox 492 3062 701 3148; x_wconf 85' lang='lat' dir='ltr'><strong>Marignum,</strong></span> <span class='ocrx_word' id='word_1_181' title='bbox 719 3084 863 3149; x_wconf 83' lang='lat' dir='ltr'><strong>magnae</strong></span> <span class='ocrx_word' id='word_1_182' title='bbox 880 3060 1100 3129; x_wconf 90' lang='lat' dir='ltr'><strong>authoritatis</strong></span> <span class='ocrx_word' id='word_1_183' title='bbox 1116 3063 1266 3142; x_wconf 88' lang='lat' dir='ltr'><strong>Patrem,</strong></span> <span class='ocrx_word' id='word_1_184' title='bbox 1284 3062 1420 3128; x_wconf 75' lang='lat' dir='ltr'><strong>solume</strong></span> 
     </span>
     <span class='ocr_line' id='line_1_24' title="bbox 181 3175 1420 3264; baseline 0 -21"><span class='ocrx_word' id='word_1_185' title='bbox 181 3178 226 3243; x_wconf 94' lang='lat' dir='ltr'><strong>ob</strong></span> <span class='ocrx_word' id='word_1_186' title='bbox 243 3179 333 3243; x_wconf 89' lang='lat' dir='ltr'><strong>hanc</strong></span> <span class='ocrx_word' id='word_1_187' title='bbox 360 3198 500 3244; x_wconf 88' lang='lat' dir='ltr'><strong>causam</strong></span> <span class='ocrx_word' id='word_1_188' title='bbox 516 3176 656 3259; x_wconf 91' lang='lat' dir='ltr'><strong>dimisit,</strong></span> <span class='ocrx_word' id='word_1_189' title='bbox 682 3180 775 3263; x_wconf 93' lang='lat' dir='ltr'><strong>quod</strong></span> <span class='ocrx_word' id='word_1_190' title='bbox 795 3177 831 3243; x_wconf 93' lang='lat' dir='ltr'><strong>in</strong></span> <span class='ocrx_word' id='word_1_191' title='bbox 859 3175 1046 3245; x_wconf 89' lang='lat' dir='ltr'><strong>tractandis</strong></span> <span class='ocrx_word' id='word_1_192' title='bbox 1070 3175 1220 3264; x_wconf 87' lang='lat' dir='ltr'><strong>negotiis</strong></span> <span class='ocrx_word' id='word_1_193' title='bbox 1240 3198 1319 3243; x_wconf 92' lang='lat' dir='ltr'><strong>cum</strong></span> <span class='ocrx_word' id='word_1_194' title='bbox 1337 3176 1420 3243; x_wconf 90' lang='lat' dir='ltr'><strong>uiris</strong></span> 
     </span>
    </p>
   </div>
   <div class='ocr_carea' id='block_1_3' title="bbox 179 3292 1543 3380">
    <p class='ocr_par' dir='ltr' id='par_1_8' title="bbox 179 3292 1543 3380">
     <span class='ocr_line' id='line_1_25' title="bbox 179 3292 1543 3380; baseline 0 -21"><span class='ocrx_word' id='word_1_195' title='bbox 179 3292 394 3380; x_wconf 89' lang='lat' dir='ltr'><strong>principibus</strong></span> <span class='ocrx_word' id='word_1_196' title='bbox 411 3312 451 3361; x_wconf 90' lang='lat' dir='ltr'><strong>ea</strong></span> <span class='ocrx_word' id='word_1_197' title='bbox 468 3314 536 3360; x_wconf 94' lang='lat' dir='ltr'><strong>non</strong></span> <span class='ocrx_word' id='word_1_198' title='bbox 553 3292 648 3361; x_wconf 87' lang='lat' dir='ltr'><strong>iuxta</strong></span> <span class='ocrx_word' id='word_1_199' title='bbox 660 3295 873 3363; x_wconf 87' lang='lat' dir='ltr'><strong>voluntatem</strong></span> <span class='ocrx_word' id='word_1_200' title='bbox 889 3304 924 3361; x_wconf 90' lang='lat' dir='ltr'><strong>et</strong></span> <span class='ocrx_word' id='word_1_201' title='bbox 936 3292 1100 3365; x_wconf 86' lang='lat' dir='ltr'><strong>iudicium</strong></span> <span class='ocrx_word' id='word_1_202' title='bbox 1117 3292 1333 3380; x_wconf 91' lang='lat' dir='ltr'><strong>superiorum</strong></span> <span class='ocrx_word' id='word_1_203' title='bbox 1348 3302 1418 3359; x_wconf 89' lang='lat' dir='ltr'><strong>tra·</strong></span> <span class='ocrx_word' id='word_1_204' title='bbox 1539 3362 1543 3369; x_wconf 69' lang='grc'>,</span> 
     </span>
    </p>
   </div>
   <div class='ocr_carea' id='block_1_4' title="bbox 178 3407 1419 4309">
    <p class='ocr_par' dir='ltr' id='par_1_9' title="bbox 178 3407 1419 4309">
     <span class='ocr_line' id='line_1_26' title="bbox 180 3407 1418 3496; baseline -0.002 -21"><span class='ocrx_word' id='word_1_205' title='bbox 180 3419 323 3491; x_wconf 83' lang='lat' dir='ltr'><strong>ctasset3</strong></span> <span class='ocrx_word' id='word_1_206' title='bbox 342 3420 377 3477; x_wconf 89' lang='lat' dir='ltr'><strong>et</strong></span> <span class='ocrx_word' id='word_1_207' title='bbox 393 3430 472 3475; x_wconf 91' lang='lat' dir='ltr'><strong>cum</strong></span> <span class='ocrx_word' id='word_1_208' title='bbox 486 3408 514 3475; x_wconf 91' lang='lat' dir='ltr'><strong>is</strong></span> <span class='ocrx_word' id='word_1_209' title='bbox 542 3420 674 3496; x_wconf 89' lang='lat' dir='ltr'><strong>peteret</strong></span> <span class='ocrx_word' id='word_1_210' title='bbox 694 3411 738 3477; x_wconf 86' lang='lat' dir='ltr'><strong>ad</strong></span> <span class='ocrx_word' id='word_1_211' title='bbox 764 3421 966 3496; x_wconf 88' lang='lat' dir='ltr'><strong>sequentem</strong></span> <span class='ocrx_word' id='word_1_212' title='bbox 994 3408 1085 3477; x_wconf 93' lang='lat' dir='ltr'><strong>diem</strong></span> <span class='ocrx_word' id='word_1_213' title='bbox 1100 3408 1312 3489; x_wconf 90' lang='lat' dir='ltr'><strong>dilationem,</strong></span> <span class='ocrx_word' id='word_1_214' title='bbox 1335 3407 1418 3474; x_wconf 88' lang='lat' dir='ltr'><strong>idei</strong></span> 
     </span>
     <span class='ocr_line' id='line_1_27' title="bbox 180 3524 1306 3611; baseline 0.001 -20"><span class='ocrx_word' id='word_1_215' title='bbox 180 3525 372 3597; x_wconf 83' lang='lat' dir='ltr'><strong>concedere</strong></span> <span class='ocrx_word' id='word_1_216' title='bbox 389 3524 511 3606; x_wconf 89' lang='lat' dir='ltr'><strong>noluit,</strong></span> <span class='ocrx_word' id='word_1_217' title='bbox 529 3526 589 3592; x_wconf 88' lang='lat' dir='ltr'><strong>sed</strong></span> <span class='ocrx_word' id='word_1_218' title='bbox 610 3534 713 3591; x_wconf 88' lang='lat' dir='ltr'><strong>nocte</strong></span> <span class='ocrx_word' id='word_1_219' title='bbox 728 3525 933 3611; x_wconf 86' lang='lat' dir='ltr'><strong>intempesta</strong></span> <span class='ocrx_word' id='word_1_220' title='bbox 948 3547 1028 3593; x_wconf 92' lang='lat' dir='ltr'><strong>eum</strong></span> <span class='ocrx_word' id='word_1_221' title='bbox 1044 3525 1146 3590; x_wconf 92' lang='lat' dir='ltr'><strong>domo</strong></span> <span class='ocrx_word' id='word_1_222' title='bbox 1162 3524 1306 3610; x_wconf 86' lang='lat' dir='ltr'><strong>expulit.</strong></span> 
     </span>
     <span class='ocr_line' id='line_1_28' title="bbox 246 3638 1415 3725; baseline -0.003 -18"><span class='ocrx_word' id='word_1_223' title='bbox 246 3641 432 3725; x_wconf 85' lang='lat' dir='ltr'><strong>Quendam</strong></span> <span class='ocrx_word' id='word_1_224' title='bbox 461 3641 599 3709; x_wconf 82' lang='lat' dir='ltr'><strong>fratrem</strong></span> <span class='ocrx_word' id='word_1_225' title='bbox 616 3640 851 3709; x_wconf 87' lang='lat' dir='ltr'><strong>coadiutorem</strong></span> <span class='ocrx_word' id='word_1_226' title='bbox 873 3663 949 3708; x_wconf 87' lang='lat' dir='ltr'><strong>eam</strong></span> <span class='ocrx_word' id='word_1_227' title='bbox 969 3642 1076 3707; x_wconf 91' lang='lat' dir='ltr'><strong>solam</strong></span> <span class='ocrx_word' id='word_1_228' title='bbox 1093 3641 1137 3706; x_wconf 92' lang='lat' dir='ltr'><strong>ob</strong></span> <span class='ocrx_word' id='word_1_229' title='bbox 1158 3662 1298 3708; x_wconf 85' lang='lat' dir='ltr'><strong>causam</strong></span> <span class='ocrx_word' id='word_1_230' title='bbox 1316 3638 1415 3705; x_wconf 89' lang='lat' dir='ltr'><strong>dimi-</strong></span> 
     </span>
     <span class='ocr_line' id='line_1_29' title="bbox 179 3755 1419 3843; baseline -0.001 -21"><span class='ocrx_word' id='word_1_231' title='bbox 179 3755 238 3838; x_wconf 88' lang='lat' dir='ltr'><strong>sit,</strong></span> <span class='ocrx_word' id='word_1_232' title='bbox 256 3757 362 3841; x_wconf 89' lang='lat' dir='ltr'><strong>quod,</strong></span> <span class='ocrx_word' id='word_1_233' title='bbox 379 3758 529 3824; x_wconf 90' lang='lat' dir='ltr'><strong>lauando</strong></span> <span class='ocrx_word' id='word_1_234' title='bbox 547 3757 650 3843; x_wconf 87' lang='lat' dir='ltr'><strong>pedes</strong></span> <span class='ocrx_word' id='word_1_235' title='bbox 666 3756 791 3824; x_wconf 89' lang='lat' dir='ltr'><strong>infirmi</strong></span> <span class='ocrx_word' id='word_1_236' title='bbox 808 3756 986 3824; x_wconf 87' lang='lat' dir='ltr'><strong>cuiusdam</strong></span> <span class='ocrx_word' id='word_1_237' title='bbox 1007 3756 1128 3836; x_wconf 91' lang='lat' dir='ltr'><strong>nostri,</strong></span> <span class='ocrx_word' id='word_1_238' title='bbox 1151 3778 1292 3823; x_wconf 89' lang='lat' dir='ltr'><strong>manum</strong></span> <span class='ocrx_word' id='word_1_239' title='bbox 1314 3757 1419 3843; x_wconf 87' lang='lat' dir='ltr'><strong>paulo</strong></span> 
     </span>
     <span class='ocr_line' id='line_1_30' title="bbox 179 3872 1417 3961; baseline -0.002 -22"><span class='ocrx_word' id='word_1_240' title='bbox 179 3872 284 3940; x_wconf 89' lang='lat' dir='ltr'><strong>altius</strong></span> <span class='ocrx_word' id='word_1_241' title='bbox 299 3873 529 3960; x_wconf 90' lang='lat' dir='ltr'><strong>protendisset</strong></span> <span class='ocrx_word' id='word_1_242' title='bbox 544 3894 648 3958; x_wconf 89' lang='lat' dir='ltr'><strong>quam</strong></span> <span class='ocrx_word' id='word_1_243' title='bbox 667 3894 756 3961; x_wconf 90' lang='lat' dir='ltr'><strong>opus</strong></span> <span class='ocrx_word' id='word_1_244' title='bbox 771 3883 875 3955; x_wconf 86' lang='lat' dir='ltr'><strong>esset,</strong></span> <span class='ocrx_word' id='word_1_245' title='bbox 894 3872 1051 3959; x_wconf 89' lang='lat' dir='ltr'><strong>quamvis</strong></span> <span class='ocrx_word' id='word_1_246' title='bbox 1067 3874 1171 3941; x_wconf 90' lang='lat' dir='ltr'><strong>frater</strong></span> <span class='ocrx_word' id='word_1_247' title='bbox 1190 3872 1256 3938; x_wconf 87' lang='lat' dir='ltr'><strong>iste</strong></span> <span class='ocrx_word' id='word_1_248' title='bbox 1275 3893 1338 3959; x_wconf 88' lang='lat' dir='ltr'><strong>per</strong></span> <span class='ocrx_word' id='word_1_249' title='bbox 1353 3893 1399 3937; x_wconf 92' lang='lat' dir='ltr'><strong>no</strong></span> <span class='ocrx_word' id='word_1_250' title='bbox 1413 3913 1417 3919; x_wconf 94' lang='lat'>-</span> 
     </span>
     <span class='ocr_line' id='line_1_31' title="bbox 181 3985 1414 4075; baseline -0.002 -21"><span class='ocrx_word' id='word_1_251' title='bbox 181 4008 260 4055; x_wconf 90' lang='lat' dir='ltr'><strong>uem</strong></span> <span class='ocrx_word' id='word_1_252' title='bbox 277 3989 335 4055; x_wconf 90' lang='lat' dir='ltr'><strong>uel</strong></span> <span class='ocrx_word' id='word_1_253' title='bbox 355 4006 393 4056; x_wconf 87' lang='lat' dir='ltr'><strong>ro</strong></span> <span class='ocrx_word' id='word_1_254' title='bbox 409 4010 518 4057; x_wconf 87' lang='lat' dir='ltr'><strong>annos</strong></span> <span class='ocrx_word' id='word_1_255' title='bbox 535 3987 660 4057; x_wconf 83' lang='lat' dir='ltr'><strong>uixerit</strong></span> <span class='ocrx_word' id='word_1_256' title='bbox 676 4010 811 4075; x_wconf 88' lang='lat' dir='ltr'><strong>semper</strong></span> <span class='ocrx_word' id='word_1_257' title='bbox 832 4010 912 4055; x_wconf 92' lang='lat' dir='ltr'><strong>cum</strong></span> <span class='ocrx_word' id='word_1_258' title='bbox 930 3991 1021 4057; x_wconf 90' lang='lat' dir='ltr'><strong>bona</strong></span> <span class='ocrx_word' id='word_1_259' title='bbox 1038 3988 1290 4068; x_wconf 88' lang='lat' dir='ltr'><strong>aedificatione,</strong></span> <span class='ocrx_word' id='word_1_260' title='bbox 1311 3998 1346 4055; x_wconf 90' lang='lat' dir='ltr'><strong>et</strong></span> <span class='ocrx_word' id='word_1_261' title='bbox 1362 3985 1414 4053; x_wconf 91' lang='lat' dir='ltr'><strong>in-</strong></span> 
     </span>
     <span class='ocr_line' id='line_1_32' title="bbox 180 4103 1414 4193; baseline 0 -23"><span class='ocrx_word' id='word_1_262' title='bbox 180 4103 288 4170; x_wconf 88' lang='lat' dir='ltr'><strong>firmis</strong></span> <span class='ocrx_word' id='word_1_263' title='bbox 304 4104 504 4173; x_wconf 86' lang='lat' dir='ltr'><strong>seruiuisset</strong></span> <span class='ocrx_word' id='word_1_264' title='bbox 520 4126 598 4172; x_wconf 93' lang='lat' dir='ltr'><strong>cum</strong></span> <span class='ocrx_word' id='word_1_265' title='bbox 616 4126 743 4193; x_wconf 86' lang='lat' dir='ltr'><strong>magna</strong></span> <span class='ocrx_word' id='word_1_266' title='bbox 756 4103 950 4173; x_wconf 89' lang='lat' dir='ltr'><strong>humilitate</strong></span> <span class='ocrx_word' id='word_1_267' title='bbox 962 4115 998 4175; x_wconf 91' lang='lat' dir='ltr'><strong>et</strong></span> <span class='ocrx_word' id='word_1_268' title='bbox 1010 4103 1175 4191; x_wconf 85' lang='lat' dir='ltr'><strong>patientia</strong></span> <span class='ocrx_word' id='word_1_269' title='bbox 1187 4114 1222 4172; x_wconf 92' lang='lat' dir='ltr'><strong>et</strong></span> <span class='ocrx_word' id='word_1_270' title='bbox 1233 4103 1414 4183; x_wconf 88' lang='lat' dir='ltr'><strong>charitate,</strong></span> 
     </span>
     <span class='ocr_line' id='line_1_33' title="bbox 178 4218 1415 4309; baseline -0.002 -22"><span class='ocrx_word' id='word_1_271' title='bbox 178 4230 214 4287; x_wconf 91' lang='lat' dir='ltr'><strong>et</strong></span> <span class='ocrx_word' id='word_1_272' title='bbox 230 4220 288 4287; x_wconf 93' lang='lat' dir='ltr'><strong>cui</strong></span> <span class='ocrx_word' id='word_1_273' title='bbox 305 4231 482 4309; x_wconf 87' lang='lat' dir='ltr'><strong>tantopere</strong></span> <span class='ocrx_word' id='word_1_274' title='bbox 498 4220 627 4289; x_wconf 85' lang='lat' dir='ltr'><strong>fidebat</strong></span> <span class='ocrx_word' id='word_1_275' title='bbox 642 4232 782 4289; x_wconf 88' lang='lat' dir='ltr'><strong>sanctus</strong></span> <span class='ocrx_word' id='word_1_276' title='bbox 800 4224 916 4306; x_wconf 88' lang='lat' dir='ltr'><strong>Pater,</strong></span> <span class='ocrx_word' id='word_1_277' title='bbox 936 4231 974 4288; x_wconf 88' lang='lat' dir='ltr'><strong>ut</strong></span> <span class='ocrx_word' id='word_1_278' title='bbox 989 4243 1068 4289; x_wconf 89' lang='lat' dir='ltr'><strong>eum</strong></span> <span class='ocrx_word' id='word_1_279' title='bbox 1086 4222 1129 4288; x_wconf 89' lang='lat' dir='ltr'><strong>ad</strong></span> <span class='ocrx_word' id='word_1_280' title='bbox 1145 4221 1285 4287; x_wconf 88' lang='lat' dir='ltr'><strong>domum</strong></span> <span class='ocrx_word' id='word_1_281' title='bbox 1301 4218 1415 4286; x_wconf 93' lang='lat' dir='ltr'><strong>cuius·</strong></span> 
     </span>
    </p>
   </div>
   <div class='ocr_carea' id='block_1_5' title="bbox 233 4382 502 4454">
    <p class='ocr_par' dir='ltr' id='par_1_10' title="bbox 233 4382 502 4454">
     <span class='ocr_line' id='line_1_34' title="bbox 233 4382 502 4454; baseline 0.015 -18"><span class='ocrx_word' id='word_1_282' title='bbox 233 4398 247 4425; x_wconf 72' lang='grc' dir='ltr'><strong>ο</strong></span> <span class='ocrx_word' id='word_1_283' title='bbox 284 4398 353 4437; x_wconf 88' lang='lat' dir='ltr'><strong>oum</strong></span> <span class='ocrx_word' id='word_1_284' title='bbox 367 4382 432 4454; x_wconf 84' lang='lat' dir='ltr'><strong>[sic]</strong></span> <span class='ocrx_word' id='word_1_285' title='bbox 446 4400 502 4442; x_wconf 78' lang='lat' dir='ltr'><strong>ms.</strong></span> 
     </span>
    </p>
   </div>
   <div class='ocr_carea' id='block_1_6' title="bbox 177 4482 1417 4687">
    <p class='ocr_par' dir='ltr' id='par_1_11' title="bbox 177 4482 1417 4687">
     <span class='ocr_line' id='line_1_35' title="bbox 233 4482 1417 4597; baseline -0.003 -16"><span class='ocrx_word' id='word_1_286' title='bbox 233 4526 256 4563; x_wconf 79' lang='lat'><strong>¹⁸</strong></span> <span class='ocrx_word' id='word_1_287' title='bbox 293 4525 370 4582; x_wconf 88' lang='lat' dir='ltr'><strong>Vide</strong></span> <span class='ocrx_word' id='word_1_288' title='bbox 383 4482 572 4591; x_wconf 64' lang='lat' dir='ltr'><strong>Memorare,</strong></span> <span class='ocrx_word' id='word_1_289' title='bbox 587 4544 617 4581; x_wconf 88' lang='lat' dir='ltr'><strong>n.</strong></span> <span class='ocrx_word' id='word_1_290' title='bbox 632 4524 676 4596; x_wconf 86' lang='lat'><strong>31,</strong></span> <span class='ocrx_word' id='word_1_291' title='bbox 689 4542 757 4597; x_wconf 82' lang='lat' dir='ltr'><strong>pag.</strong></span> <span class='ocrx_word' id='word_1_292' title='bbox 774 4525 834 4597; x_wconf 87' lang='lat'><strong>168,</strong></span> <span class='ocrx_word' id='word_1_293' title='bbox 846 4534 877 4581; x_wconf 87' lang='lat' dir='ltr'><strong>et</strong></span> <span class='ocrx_word' id='word_1_294' title='bbox 890 4526 1012 4582; x_wconf 82' lang='lat' dir='ltr'><strong>Polanct</strong></span> <span class='ocrx_word' id='word_1_295' title='bbox 1024 4526 1121 4581; x_wconf 88' lang='lat' dir='ltr'><strong>locum</strong></span> <span class='ocrx_word' id='word_1_296' title='bbox 1134 4524 1176 4581; x_wconf 89' lang='lat' dir='ltr'><strong>ibi</strong></span> <span class='ocrx_word' id='word_1_297' title='bbox 1189 4522 1313 4594; x_wconf 86' lang='lat' dir='ltr'><strong>laudati,</strong></span> <span class='ocrx_word' id='word_1_298' title='bbox 1326 4540 1417 4597; x_wconf 87' lang='lat' dir='ltr'><strong>aquo</strong></span> 
     </span>
     <span class='ocr_line' id='line_1_36' title="bbox 177 4611 1415 4687; baseline -0.005 -14"><span class='ocrx_word' id='word_1_299' title='bbox 177 4622 260 4673; x_wconf 80' lang='lat' dir='ltr'><strong>cene</strong></span> <span class='ocrx_word' id='word_1_300' title='bbox 273 4632 321 4673; x_wconf 84' lang='lat' dir='ltr'><strong>res</strong></span> <span class='ocrx_word' id='word_1_301' title='bbox 332 4616 424 4672; x_wconf 87' lang='lat' dir='ltr'><strong>multo</strong></span> <span class='ocrx_word' id='word_1_302' title='bbox 438 4614 544 4671; x_wconf 79' lang='lat' dir='ltr'><strong>mellus</strong></span> <span class='ocrx_word' id='word_1_303' title='bbox 563 4632 631 4672; x_wconf 88' lang='lat' dir='ltr'><strong>cum</strong></span> <span class='ocrx_word' id='word_1_304' title='bbox 653 4614 715 4671; x_wconf 79' lang='lat' dir='ltr'><strong>suis</strong></span> <span class='ocrx_word' id='word_1_305' title='bbox 732 4613 881 4687; x_wconf 72' lang='lat' dir='ltr'><strong>adjunctis</strong></span> <span class='ocrx_word' id='word_1_306' title='bbox 902 4614 1079 4677; x_wconf 87' lang='lat' dir='ltr'><strong>declaratur.</strong></span> <span class='ocrx_word' id='word_1_307' title='bbox 1099 4614 1191 4670; x_wconf 90' lang='lat' dir='ltr'><strong>Porro</strong></span> <span class='ocrx_word' id='word_1_308' title='bbox 1205 4630 1304 4669; x_wconf 86' lang='lat' dir='ltr'><strong>sermo</strong></span> <span class='ocrx_word' id='word_1_309' title='bbox 1316 4621 1364 4668; x_wconf 83' lang='lat' dir='ltr'><strong>est</strong></span> <span class='ocrx_word' id='word_1_310' title='bbox 1376 4611 1415 4667; x_wconf 88' lang='lat' dir='ltr'><strong>de</strong></span> 
     </span>
    </p>
   </div>
   <div class='ocr_carea' id='block_1_7' title="bbox 180 4704 531 4765">
    <p class='ocr_par' dir='ltr' id='par_1_12' title="bbox 180 4704 531 4765">
     <span class='ocr_line' id='line_1_37' title="bbox 180 4704 531 4765; baseline 0.006 -4"><span class='ocrx_word' id='word_1_311' title='bbox 180 4706 213 4765; x_wconf 89' lang='lat' dir='ltr'><strong>P.</strong></span> <span class='ocrx_word' id='word_1_312' title='bbox 227 4704 374 4763; x_wconf 80' lang='lat' dir='ltr'><strong>Silvestro</strong></span> <span class='ocrx_word' id='word_1_313' title='bbox 387 4704 531 4763; x_wconf 86' lang='lat' dir='ltr'><strong>Landino.</strong></span> 
     </span>
    </p>
   </div>
   <div class='ocr_carea' id='block_1_8' title="bbox 0 0 1754 5367">
    <p class='ocr_par' dir='ltr' id='par_1_13' title="bbox 0 0 1754 5367">
     <span class='ocr_line' id='line_1_38' title="bbox 0 0 1754 5367; baseline 0 2"><span class='ocrx_word' id='word_1_314' title='bbox 0 0 1754 5367; x_wconf 95' lang='lat' dir='ltr'><strong> </strong></span> 
     </span>
    </p>
   </div>
  </div>
 </body>
</html>
