3500 5367
396 440 448 496 552
777 425 985 481 ttonunanan
1004 422 1184 480 [animun

360 580 474 664 quello
490 580 579 647 nella
594 576 814 665 suprascritta
834 574 849 616 ¹¹
865 576 1030 644 memoria
1045 576 1074 643 si
1089 576 1261 656 contiene;
1280 586 1315 643 et
1329 596 1392 660 per
1406 572 1479 641 tede
1491 572 1564 640 della

360 694 468 763 verita
484 696 554 761 l’ho
570 693 576 733 ³
593 692 804 761 sottoscritto
818 692 962 779 xpropria
978 714 1082 759 manu
1096 701 1131 759 et
1147 690 1283 778 proprio
1299 688 1414 775 sigillo
1424 686 1560 774 sigillato.

427 813 529 878 Frate
545 808 738 896 Ambrogio
755 808 955 888 Catlrarin0‚
973 829 1124 876 vescovo
1139 807 1175 873 di
1191 805 1328 885 Minori,
1347 816 1505 889 utsupra.

427 925 574 994 Alionso
590 924 625 991 di
641 925 852 1003 Salmerone,
871 925 1050 992 sacerdote
1065 923 1155 989 della
1171 918 1386 1007 Compagnia
1400 918 1434 984 di
1445 920 1527 1006 Jeslr.

427 1043 583 1108 Alterum
601 1040 791 1126 exemplum
813 1041 852 1103 in
872 1041 1038 1127 margine
1057 1060 1165 1103 manu
1182 1040 1226 1103 P.
1246 1036 1404 1102 Polanci.
1430 1036 1482 1102 Un
1501 1032 1565 1099 viue

360 1158 454 1225 vocis
471 1158 610 1224 oraculo
626 1157 681 1222 del
697 1178 784 1242 papa
800 1154 894 1244 Julio
910 1157 966 1222 Ill.

959 1329 996 1409 18

277 1516 280 1523 .
360 1462 671 1528 RELAXATIO
689 1460 1076 1528 OBLlGATIONlS
1091 1460 1321 1528 DIVINUM
1338 1460 1564 1528 OFFICIUM

427 1596 622 1644 audianum
641 1596 679 1693 ni
696 1595 1094 1644 immaniinmanu
1112 1596 1158 1642 ar
1175 1595 1299 1644 moaci
1317 1596 1366 1643 na
1382 1596 1489 1643 aemi
1504 1577 1511 1607 ¹

426 1736 544 1805 Fidem
561 1736 651 1803 facio
677 1756 746 1822 ego
767 1734 973 1804 Franciseus
997 1728 1167 1803 Venutius
1188 1756 1362 1815 romanus,
1385 1733 1566 1802 sanctisimi

359 1855 402 1918 D.
423 1854 465 1919 N.
487 1852 585 1919 Pauli
607 1872 714 1937 papae
730 1849 821 1918 tertii
842 1849 1134 1931 eleemosinarum,
1157 1872 1198 1917 ae
1213 1850 1353 1918 basilice
1372 1854 1413 1918 B.
1433 1847 1565 1917 Marieiu

360 1966 561 2047 Fonteolei,
582 1966 820 2033 transtiberino
841 1965 1004 2052 regiona,
1034 1966 1235 2047 canonicus,
1257 1968 1351 2051 quod
1373 1977 1506 2052 accepto
1518 1984 1566 2050 pet

360 2081 571 2170 praedictum
588 2084 771 2151 “SSmum
788 2082 967 2148 dominum
979 2094 1137 2148 nostrum
1153 2080 1168 2120 ¹³
1184 2103 1319 2167 papam,
1337 2082 1431 2168 quod
1447 2102 1565 2148 venera·

360 2199 446 2265 biles
462 2197 618 2284 Ignatius
630 2199 673 2264 de
691 2199 819 2283 Loyola
835 2210 869 2266 et
886 2197 1039 2264 Didacus
1050 2199 1095 2263 de
1111 2196 1234 2283 Eghia,
1253 2198 1444 2283 presbyteri
1454 2192 1566 2281 hispani

360 2316 460 2381 ambo
475 2313 622 2379 diocesis
638 2313 918 2399 pampilonensis,
937 2324 1077 2399 propter
1099 2313 1213 2378 varios
1233 2334 1297 2400 pro
1318 2315 1409 2399 Xpo.
1433 2310 1565 2379 exancla-

361 2441 413 2497 tos
429 2430 575 2508 laboreS,
590 2428 744 2515 Ignatius
757 2428 917 2497 videlicet
928 2428 1081 2515 corporis
1092 2439 1127 2494 et
1139 2428 1322 2515 praecipue
1333 2427 1504 2506 stomachi,
1516 2423 1566 2491 Di·

359 2548 466 2613 dacus
483 2565 566 2612 uero
592 2544 694 2611 etiarn
717 2545 907 2625 oculorum,
925 2546 1011 2613 adeo
1028 2565 1154 2630 graues
1176 2553 1211 2609 et
1231 2543 1390 2611 assiduos
1408 2545 1528 2611 dolores
1539 2549 1566 2605 et

360 2660 574 2747 egritudines
590 2659 845 2751 ineur[r]erunt‚
864 2670 904 2725 ut
923 2658 1107 2728 difficulter
1128 2673 1163 2728 et
1182 2681 1261 2727 cum
1283 2682 1412 2746 magno
1431 2654 1566 2743 temporis

360 2776 539 2862 dispendio
555 2778 657 2843 horas
673 2786 685 2815 ⁰
702 2776 886 2843 canonicas
901 2799 922 2844 e
938 2775 1024 2841 libro
1039 2776 1158 2861 legere
1172 2774 1318 2861 possint3
1341 2775 1464 2843 eisdem
1482 2774 1566 2859 lgna·

362 2893 408 2959 tio
424 2903 458 2960 et
474 2891 618 2971 DidacO,
634 2892 727 2975 quod
738 2889 802 2978 ipsi
815 2892 952 2959 easdem
968 2893 1071 2957 horas
1082 2890 1278 2972 canonicas,
1291 2912 1333 2958 ac
1345 2890 1492 2958 diuinum
1507 2885 1568 2952 offi-

361 3008 446 3073 tium
463 3006 625 3074 diurnum
638 3006 765 3093 pariter
786 3017 822 3075 et
834 3018 1058 3101 nocturnum,
1070 3007 1259 3072 secundum
1281 3004 1436 3074 dmorem
1453 3014 1485 3070 et
1498 3020 1567 3067 can-

360 3124 577 3193 suetudinem
596 3144 756 3190 romanae
779 3122 946 3189 ecclesiae
969 3133 1003 3189 et
1027 3134 1040 3162 ⁰
1060 3122 1197 3189 nouiter
1219 3122 1462 3201 introductum,
1483 3116 1567 3187 etiarn

319 3260 324 3271 ¹
361 3240 604 3325 anteponendo
620 3249 655 3307 et
668 3238 906 3324 postponendo
917 3238 1032 3306 dicere
1048 3248 1083 3306 et
1095 3236 1240 3306 recitare
1255 3235 1276 3321 f,
1293 3259 1358 3319 seu
1369 3238 1442 3303 illas
1456 3247 1487 3303 et
1500 3230 1568 3299 illud

362 3353 502 3421 omnino
529 3353 813 3440 praetermittere,
843 3374 884 3421 ac
911 3353 1051 3421 minime
1077 3354 1192 3421 dicere
1219 3364 1255 3419 et
1280 3353 1438 3435 recitare,
1461 3362 1492 3420 et
1509 3350 1570 3414 looo

363 3470 560 3538 earumdem
576 3471 739 3537 horarum
751 3490 792 3536 ae
808 3468 917 3537 diuini
932 3469 1030 3536 offitii
1045 3468 1282 3554 ‘hujusmodi
1300 3468 1367 3535 nisi
1383 3488 1493 3537 eorum
1506 3484 1570 3530 aar·

365 3584 489 3671 puralis
504 3595 565 3651 aut
581 3584 766 3670 spiritualis
783 3584 951 3672 fragilitas
966 3608 1006 3653 ac
1022 3583 1181 3653 debilitas
1197 3583 1232 3651 id
1248 3584 1424 3671 impediat,
1441 3583 1490 3649 vel
1503 3574 1569 3647 sict

419 3775 433 3815 ¹1
469 3784 591 3845 sapum¹²
604 3790 660 3829 ms.
701 3804 717 3814 -
736 3774 743 3815 i
763 3773 856 3829 veriti
873 3775 912 3828 ho
928 3773 983 3828 alt.
1021 3790 1071 3817 „a
1090 3772 1253 3845 praefatum
1266 3774 1361 3830 alter.
1378 3764 1570 3847 originallol‘

364 3862 449 3917 lund.
506 3864 546 3905 —b
568 3862 683 3917 Desunt
703 3863 919 3933 praecedentia
939 3864 1000 3917 duo
1021 3862 1112 3918 verba
1137 3863 1172 3917 in
1194 3862 1323 3918 aalter.»
1370 3877 1420 3907 -t
1441 3854 1569 3917 Triuiam

365 3952 521 4022 sequentia
538 3952 631 4007 verba
647 3952 867 4007 desiderantur
883 3953 916 4007 in
936 3952 1063 4009 aaran.»
1101 3955 1152 3995 -d
1170 3951 1332 4008 secondum
1347 3970 1404 4008 ms.
1440 3966 1484 3993 -ο
1499 3928 1592 4003 etiam‘

364 4040 467 4105 altar„
484 4041 563 4096 Ball.
602 4042 648 4082 -s
665 4039 828 4111 Sequentia
840 4042 900 4096 duo
918 4042 1010 4097 verba
1026 4042 1134 4096 desunt
1150 4040 1185 4096 in
1202 4040 1329 4100 «altera
1367 4058 1415 4096 -a
1432 4035 1570 4095 acdiaiuo·

365 4146 429 4185 rum
444 4128 603 4185 offitiorum
616 4129 706 4185 alter.
744 4131 794 4171 -h
814 4130 862 4185 vel
875 4128 954 4185 sicut
967 4131 1048 4186 Ball.

421 4294 428 4325 ¹
467 4290 510 4345 Ex
523 4291 659 4363 originali
674 4292 703 4347 in
719 4290 791 4347 Cod.
805 4292 891 4351 Ram.
904 4292 947 4355 II,
960 4310 990 4348 u.
1006 4293 1083 4349 LIX.
1105 4293 1218 4350 Ibidem
1231 4302 1263 4348 et
1279 4294 1337 4348 sub
1354 4292 1457 4348 eodem
1473 4296 1572 4345 numero

364 4380 423 4435 duo
443 4389 596 4453 praeterea
618 4382 763 4437 habentur
783 4381 978 4453 exemplaria,
1001 4384 1127 4439 alterum
1149 4382 1309 4456 originale,
1333 4384 1456 4439 alterum
1475 4386 1570 4449 apogr!-

366 4470 465 4541 phum.
477 4469 714 4543 Unumquodque
728 4470 872 4542 originale
882 4470 998 4528 duobus
1007 4480 1124 4528 constat
1134 4472 1224 4542 toliis,
1237 4488 1363 4545 quorum
1376 4466 1524 4529 secundum
1531 4476 1571 4533 pu·

366 4576 430 4615 rum
443 4567 498 4615 est:
513 4559 714 4633 apographum
728 4576 799 4615 vero
812 4560 931 4616 unicum
949 4562 1041 4616 habet
1056 4560 1170 4617 folium.
1183 4560 1250 4617 Hoc
1267 4568 1484 4617 monumentum
1498 4551 1572 4608 htbss

366 4646 396 4703 in
409 4648 484 4703 Acta
496 4648 727 4714 Sanctorum...
738 4650 958 4705 Commentario
972 4650 1105 4723 praevio,
1114 4667 1166 4706 uu.
1180 4646 1234 4720 593
1243 4657 1275 4705 et
1288 4664 1353 4721 594.
