<?xml version="1.0" encoding="UTF-8"?>
<!DOCTYPE html PUBLIC "-//W3C//DTD XHTML 1.0 Transitional//EN"
    "http://www.w3.org/TR/xhtml1/DTD/xhtml1-transitional.dtd">
<html xmlns="http://www.w3.org/1999/xhtml" xml:lang="en" lang="en">
 <head>
  <title>
</title>
<meta http-equiv="Content-Type" content="text/html;charset=utf-8" />
  <meta name='ocr-system' content='tesseract 3.04.00' />
  <meta name='ocr-capabilities' content='ocr_page ocr_carea ocr_par ocr_line ocrx_word'/>
</head>
<body>
  <div class='ocr_page' id='page_1' title='image "./monumentaignati00ignagoog/monumentaignati00ignagoog_0537.png"; bbox 0 0 3500 5367; ppageno 0'>
   <div class='ocr_carea' id='block_1_1' title="bbox 347 465 1407 537">
    <p class='ocr_par' dir='ltr' id='par_1_1' title="bbox 347 465 1407 537">
     <span class='ocr_line' id='line_1_1' title="bbox 347 465 1407 537; baseline 0 -15"><span class='ocrx_word' id='word_1_1' title='bbox 347 468 573 523; x_wconf 72' lang='lat' dir='ltr'><strong>Mauoaastua</strong></span> <span class='ocrx_word' id='word_1_2' title='bbox 592 480 635 524; x_wconf 77' lang='lat' dir='ltr'><strong>os</strong></span> <span class='ocrx_word' id='word_1_3' title='bbox 655 468 686 524; x_wconf 83' lang='lat' dir='ltr'><strong>S.</strong></span> <span class='ocrx_word' id='word_1_4' title='bbox 707 468 842 523; x_wconf 80' lang='lat' dir='ltr'><strong>Iamno</strong></span> <span class='ocrx_word' id='word_1_5' title='bbox 861 478 882 521; x_wconf 75' lang='lat' dir='ltr'><strong>a</strong></span> <span class='ocrx_word' id='word_1_6' title='bbox 902 465 937 525; x_wconf 85' lang='lat' dir='ltr'><strong>P.</strong></span> <span class='ocrx_word' id='word_1_7' title='bbox 956 465 1113 524; x_wconf 74' lang='lat' dir='ltr'><strong>Lanctcro</strong></span> <span class='ocrx_word' id='word_1_8' title='bbox 1131 480 1299 525; x_wconf 72' lang='lat' dir='ltr'><strong>contacta</strong></span> <span class='ocrx_word' id='word_1_9' title='bbox 1352 480 1407 537; x_wconf 78' lang='lat'><strong>527</strong></span> 
     </span>
    </p>
   </div>
   <div class='ocr_carea' id='block_1_2' title="bbox 189 606 1495 4181">
    <p class='ocr_par' dir='ltr' id='par_1_2' title="bbox 189 606 1495 4181">
     <span class='ocr_line' id='line_1_2' title="bbox 197 606 1439 708; baseline 0 -23"><span class='ocrx_word' id='word_1_10' title='bbox 197 640 330 687; x_wconf 87' lang='lat' dir='ltr'><strong>nornen</strong></span> <span class='ocrx_word' id='word_1_11' title='bbox 350 618 533 689; x_wconf 88' lang='lat' dir='ltr'><strong>Societatis</strong></span> <span class='ocrx_word' id='word_1_12' title='bbox 548 622 645 708; x_wconf 87' lang='lat' dir='ltr'><strong>Jesu,</strong></span> <span class='ocrx_word' id='word_1_13' title='bbox 670 628 708 687; x_wconf 91' lang='lat' dir='ltr'><strong>ut</strong></span> <span class='ocrx_word' id='word_1_14' title='bbox 728 617 864 700; x_wconf 84' lang='lat' dir='ltr'><strong>dixerit,</strong></span> <span class='ocrx_word' id='word_1_15' title='bbox 878 606 921 686; x_wconf 74' lang='lat' dir='ltr'><strong>&#39;se</strong></span> <span class='ocrx_word' id='word_1_16' title='bbox 946 640 1085 705; x_wconf 83' lang='lat' dir='ltr'><strong>sperare</strong></span> <span class='ocrx_word' id='word_1_17' title='bbox 1106 619 1191 686; x_wconf 91' lang='lat' dir='ltr'><strong>illnd</strong></span> <span class='ocrx_word' id='word_1_18' title='bbox 1210 619 1439 707; x_wconf 89' lang='lat' dir='ltr'><strong>approbatum</strong></span> 
     </span>
     <span class='ocr_line' id='line_1_3' title="bbox 198 732 1440 822; baseline 0.002 -22"><span class='ocrx_word' id='word_1_19' title='bbox 198 734 243 801; x_wconf 86' lang='lat' dir='ltr'><strong>iri</strong></span> <span class='ocrx_word' id='word_1_20' title='bbox 259 737 304 802; x_wconf 90' lang='lat' dir='ltr'><strong>ab</strong></span> <span class='ocrx_word' id='word_1_21' title='bbox 319 735 466 804; x_wconf 88' lang='lat' dir='ltr'><strong>ecclesia</strong></span> <span class='ocrx_word' id='word_1_22' title='bbox 481 734 518 802; x_wconf 88' lang='lat' dir='ltr'><strong>in</strong></span> <span class='ocrx_word' id='word_1_23' title='bbox 537 734 648 821; x_wconf 88' lang='lat' dir='ltr'><strong>primo</strong></span> <span class='ocrx_word' id='word_1_24' title='bbox 662 732 809 802; x_wconf 89' lang='lat' dir='ltr'><strong>concilio</strong></span> <span class='ocrx_word' id='word_1_25' title='bbox 823 733 991 822; x_wconf 79' lang='lat' dir='ltr'><strong>generali3</strong></span> <span class='ocrx_word' id='word_1_26' title='bbox 1013 736 1110 821; x_wconf 83' lang='lat' dir='ltr'><strong>qnod</strong></span> <span class='ocrx_word' id='word_1_27' title='bbox 1128 737 1259 803; x_wconf 83' lang='lat' dir='ltr'><strong>factum</strong></span> <span class='ocrx_word' id='word_1_28' title='bbox 1271 734 1440 816; x_wconf 59' lang='lat' dir='ltr'><strong>‚uidemus</strong></span> 
     </span>
     <span class='ocr_line' id='line_1_4' title="bbox 194 834 1436 939; baseline 0.002 -22"><span class='ocrx_word' id='word_1_29' title='bbox 194 874 222 917; x_wconf 88' lang='lat' dir='ltr'><strong>a</strong></span> <span class='ocrx_word' id='word_1_30' title='bbox 235 849 383 919; x_wconf 90' lang='lat' dir='ltr'><strong>concilio</strong></span> <span class='ocrx_word' id='word_1_31' title='bbox 396 849 549 939; x_wconf 87' lang='lat' dir='ltr'><strong>generali</strong></span> <span class='ocrx_word' id='word_1_32' title='bbox 562 850 760 931; x_wconf 87' lang='lat' dir='ltr'><strong>tridentino,</strong></span> <span class='ocrx_word' id='word_1_33' title='bbox 773 849 928 920; x_wconf 81' lang='lat' dir='ltr'><strong>sessione</strong></span> <span class='ocrx_word' id='word_1_34' title='bbox 940 867 996 935; x_wconf 86' lang='lat'><strong>25,</strong></span> <span class='ocrx_word' id='word_1_35' title='bbox 1009 871 1042 917; x_wconf 92' lang='lat' dir='ltr'><strong>c.</strong></span> <span class='ocrx_word' id='word_1_36' title='bbox 1061 852 1113 932; x_wconf 90' lang='lat'><strong>16,</strong></span> <span class='ocrx_word' id='word_1_37' title='bbox 1126 854 1181 920; x_wconf 91' lang='lat' dir='ltr'><strong>De</strong></span> <span class='ocrx_word' id='word_1_38' title='bbox 1192 834 1436 938; x_wconf 82' lang='lat' dir='ltr'><strong>Regularibus.</strong></span> 
     </span>
     <span class='ocr_line' id='line_1_5' title="bbox 270 964 1439 1053; baseline -0.002 -18"><span class='ocrx_word' id='word_1_39' title='bbox 270 968 395 1035; x_wconf 91' lang='lat' dir='ltr'><strong>Habeo</strong></span> <span class='ocrx_word' id='word_1_40' title='bbox 406 988 543 1053; x_wconf 84' lang='lat' dir='ltr'><strong>quoque</strong></span> <span class='ocrx_word' id='word_1_41' title='bbox 555 968 716 1033; x_wconf 78' lang='lat' dir='ltr'>donatam</span> <span class='ocrx_word' id='word_1_42' title='bbox 729 964 826 1048; x_wconf 82' lang='lat' dir='ltr'><strong>mihi,</strong></span> <span class='ocrx_word' id='word_1_43' title='bbox 840 967 944 1053; x_wconf 89' lang='lat' dir='ltr'><strong>paulo</strong></span> <span class='ocrx_word' id='word_1_44' title='bbox 953 976 1037 1036; x_wconf 91' lang='lat' dir='ltr'><strong>ante</strong></span> <span class='ocrx_word' id='word_1_45' title='bbox 1047 978 1241 1048; x_wconf 86' lang='lat' dir='ltr'><strong>mortem,a</strong></span> <span class='ocrx_word' id='word_1_46' title='bbox 1252 969 1293 1034; x_wconf 90' lang='lat' dir='ltr'><strong>R.</strong></span> <span class='ocrx_word' id='word_1_47' title='bbox 1310 968 1350 1035; x_wconf 91' lang='lat' dir='ltr'><strong>P.</strong></span> <span class='ocrx_word' id='word_1_48' title='bbox 1367 968 1439 1036; x_wconf 90' lang='lat' dir='ltr'><strong>Lu·</strong></span> 
     </span>
     <span class='ocr_line' id='line_1_6' title="bbox 193 1070 1439 1169; baseline 0 -20"><span class='ocrx_word' id='word_1_49' title='bbox 193 1082 331 1149; x_wconf 85' lang='lat' dir='ltr'><strong>donico</strong></span> <span class='ocrx_word' id='word_1_50' title='bbox 348 1082 519 1162; x_wconf 73' lang='lat' dir='ltr'><strong>massano,</strong></span> <span class='ocrx_word' id='word_1_51' title='bbox 537 1082 800 1169; x_wconf 86' lang='lat' dir='ltr'><strong>praecipuarum</strong></span> <span class='ocrx_word' id='word_1_52' title='bbox 818 1082 1001 1151; x_wconf 86' lang='lat' dir='ltr'><strong>Societatis</strong></span> <span class='ocrx_word' id='word_1_53' title='bbox 1021 1094 1161 1165; x_wconf 71' lang='lat' dir='ltr'><strong>cosmae</strong></span> <span class='ocrx_word' id='word_1_54' title='bbox 1182 1070 1439 1169; x_wconf 82' lang='lat' dir='ltr'><strong>prouinciarum</strong></span> 
     </span>
     <span class='ocr_line' id='line_1_7' title="bbox 193 1196 1438 1287; baseline 0.002 -22"><span class='ocrx_word' id='word_1_55' title='bbox 193 1208 305 1267; x_wconf 83' lang='lat' dir='ltr'><strong>antea</strong></span> <span class='ocrx_word' id='word_1_56' title='bbox 322 1197 498 1265; x_wconf 84' lang='lat' dir='ltr'><strong>visitatore</strong></span> <span class='ocrx_word' id='word_1_57' title='bbox 510 1209 544 1265; x_wconf 90' lang='lat' dir='ltr'><strong>et</strong></span> <span class='ocrx_word' id='word_1_58' title='bbox 560 1196 773 1285; x_wconf 88' lang='lat' dir='ltr'><strong>prouinciali,</strong></span> <span class='ocrx_word' id='word_1_59' title='bbox 792 1207 826 1264; x_wconf 91' lang='lat' dir='ltr'><strong>et</strong></span> <span class='ocrx_word' id='word_1_60' title='bbox 841 1210 961 1285; x_wconf 84' lang='lat' dir='ltr'><strong>postea</strong></span> <span class='ocrx_word' id='word_1_61' title='bbox 976 1198 1149 1267; x_wconf 77' lang='lat' dir='ltr'>assistenti</span> <span class='ocrx_word' id='word_1_62' title='bbox 1169 1198 1352 1269; x_wconf 82' lang='lat' dir='ltr'><strong>Societatis</strong></span> <span class='ocrx_word' id='word_1_63' title='bbox 1374 1222 1438 1287; x_wconf 86' lang='lat' dir='ltr'><strong>pro</strong></span> 
     </span>
     <span class='ocr_line' id='line_1_8' title="bbox 200 1312 1439 1405; baseline 0.001 -24"><span class='ocrx_word' id='word_1_64' title='bbox 200 1312 300 1381; x_wconf 90' lang='lat' dir='ltr'><strong>ltalia</strong></span> <span class='ocrx_word' id='word_1_65' title='bbox 315 1314 362 1403; x_wconf 87' lang='lat' dir='ltr'><strong>(in</strong></span> <span class='ocrx_word' id='word_1_66' title='bbox 378 1312 575 1400; x_wconf 83' lang='lat' dir='ltr'><strong>qno-officio</strong></span> <span class='ocrx_word' id='word_1_67' title='bbox 591 1316 720 1383; x_wconf 85' lang='lat' dir='ltr'><strong>Romae</strong></span> <span class='ocrx_word' id='word_1_68' title='bbox 735 1324 893 1382; x_wconf 88' lang='lat' dir='ltr'><strong>mortuus</strong></span> <span class='ocrx_word' id='word_1_69' title='bbox 908 1324 962 1383; x_wconf 91' lang='lat' dir='ltr'><strong>est</strong></span> <span class='ocrx_word' id='word_1_70' title='bbox 976 1336 1068 1383; x_wconf 88' lang='lat' dir='ltr'><strong>anno</strong></span> <span class='ocrx_word' id='word_1_71' title='bbox 1089 1316 1175 1383; x_wconf 80' lang='lat'>1606</span> <span class='ocrx_word' id='word_1_72' title='bbox 1188 1314 1246 1384; x_wconf 85' lang='lat' dir='ltr'><strong>die</strong></span> <span class='ocrx_word' id='word_1_73' title='bbox 1260 1316 1299 1385; x_wconf 86' lang='lat' dir='ltr'><strong>S.</strong></span> <span class='ocrx_word' id='word_1_74' title='bbox 1316 1317 1439 1405; x_wconf 83' lang='lat' dir='ltr'><strong>Jacobi</strong></span> 
     </span>
     <span class='ocr_line' id='line_1_9' title="bbox 195 1428 1437 1519; baseline 0.005 -23"><span class='ocrx_word' id='word_1_75' title='bbox 195 1430 374 1517; x_wconf 84' lang='lat' dir='ltr'><strong>apostoli),</strong></span> <span class='ocrx_word' id='word_1_76' title='bbox 392 1429 600 1499; x_wconf 87' lang='lat' dir='ltr'><strong>Societatem</strong></span> <span class='ocrx_word' id='word_1_77' title='bbox 608 1440 767 1503; x_wconf 75' lang='lat' dir='ltr'><strong>‚nostram</strong></span> <span class='ocrx_word' id='word_1_78' title='bbox 794 1428 965 1517; x_wconf 86' lang='lat' dir='ltr'><strong>ingresso,</strong></span> <span class='ocrx_word' id='word_1_79' title='bbox 993 1442 1201 1519; x_wconf 84' lang='lat' dir='ltr'><strong>cooperante</strong></span> <span class='ocrx_word' id='word_1_80' title='bbox 1215 1432 1261 1499; x_wconf 90' lang='lat' dir='ltr'><strong>ad</strong></span> <span class='ocrx_word' id='word_1_81' title='bbox 1276 1431 1312 1498; x_wconf 87' lang='lat' dir='ltr'><strong>ld</strong></span> <span class='ocrx_word' id='word_1_82' title='bbox 1331 1434 1375 1499; x_wconf 89' lang='lat' dir='ltr'><strong>R.</strong></span> <span class='ocrx_word' id='word_1_83' title='bbox 1393 1434 1437 1503; x_wconf 87' lang='lat' dir='ltr'><strong>P.</strong></span> 
     </span>
     <span class='ocr_line' id='line_1_10' title="bbox 189 1544 1439 1634; baseline 0.004 -22"><span class='ocrx_word' id='word_1_84' title='bbox 189 1548 336 1634; x_wconf 90' lang='lat' dir='ltr'><strong>Joanne</strong></span> <span class='ocrx_word' id='word_1_85' title='bbox 352 1545 519 1629; x_wconf 81' lang='lat' dir='ltr'><strong>Mariono,</strong></span> <span class='ocrx_word' id='word_1_86' title='bbox 537 1545 663 1613; x_wconf 90' lang='lat' dir='ltr'><strong>clerico</strong></span> <span class='ocrx_word' id='word_1_87' title='bbox 680 1545 842 1633; x_wconf 86' lang='lat' dir='ltr'><strong>regulari,</strong></span> <span class='ocrx_word' id='word_1_88' title='bbox 861 1544 1005 1633; x_wconf 82' lang='lat' dir='ltr'><strong>Neapoli</strong></span> <span class='ocrx_word' id='word_1_89' title='bbox 1022 1556 1105 1614; x_wconf 91' lang='lat' dir='ltr'><strong>tunc</strong></span> <span class='ocrx_word' id='word_1_90' title='bbox 1132 1548 1225 1615; x_wconf 83' lang='lat' dir='ltr'><strong>fama</strong></span> <span class='ocrx_word' id='word_1_91' title='bbox 1245 1547 1439 1617; x_wconf 80' lang='lat' dir='ltr'><strong>sanctitatis</strong></span> 
     </span>
     <span class='ocr_line' id='line_1_11' title="bbox 199 1659 1438 1741; baseline -0.002 -10"><span class='ocrx_word' id='word_1_92' title='bbox 199 1672 239 1731; x_wconf 88' lang='lat' dir='ltr'><strong>et</strong></span> <span class='ocrx_word' id='word_1_93' title='bbox 255 1683 351 1729; x_wconf 89' lang='lat' dir='ltr'><strong>nunc</strong></span> <span class='ocrx_word' id='word_1_94' title='bbox 367 1661 507 1741; x_wconf 85' lang='lat' dir='ltr'><strong>celebri,</strong></span> <span class='ocrx_word' id='word_1_95' title='bbox 524 1660 611 1730; x_wconf 86' lang='lat' dir='ltr'><strong>etin</strong></span> <span class='ocrx_word' id='word_1_96' title='bbox 627 1682 691 1729; x_wconf 87' lang='lat' dir='ltr'><strong>sno</strong></span> <span class='ocrx_word' id='word_1_97' title='bbox 712 1659 924 1729; x_wconf 85' lang='lat' dir='ltr'><strong>nobilissimo</strong></span> <span class='ocrx_word' id='word_1_98' title='bbox 942 1660 1063 1728; x_wconf 81' lang='lat' dir='ltr'><strong>ordine</strong></span> <span class='ocrx_word' id='word_1_99' title='bbox 1079 1663 1199 1729; x_wconf 88' lang='lat' dir='ltr'><strong>beatos</strong></span> <span class='ocrx_word' id='word_1_100' title='bbox 1213 1662 1304 1731; x_wconf 90' lang='lat' dir='ltr'><strong>inter</strong></span> <span class='ocrx_word' id='word_1_101' title='bbox 1324 1684 1438 1729; x_wconf 84' lang='lat' dir='ltr'><strong>annu·</strong></span> 
     </span>
     <span class='ocr_line' id='line_1_12' title="bbox 202 1776 1438 1863; baseline 0.001 -20"><span class='ocrx_word' id='word_1_102' title='bbox 202 1788 349 1859; x_wconf 85' lang='lat' dir='ltr'><strong>merat03</strong></span> <span class='ocrx_word' id='word_1_103' title='bbox 366 1780 492 1859; x_wconf 85' lang='lat' dir='ltr'><strong>haben,</strong></span> <span class='ocrx_word' id='word_1_104' title='bbox 510 1776 663 1863; x_wconf 91' lang='lat' dir='ltr'><strong>inquam,</strong></span> <span class='ocrx_word' id='word_1_105' title='bbox 681 1778 725 1844; x_wconf 93' lang='lat' dir='ltr'><strong>ab</strong></span> <span class='ocrx_word' id='word_1_106' title='bbox 740 1776 799 1845; x_wconf 92' lang='lat' dir='ltr'><strong>illo</strong></span> <span class='ocrx_word' id='word_1_107' title='bbox 815 1776 899 1845; x_wconf 88' lang='lat' dir='ltr'><strong>mihi</strong></span> <span class='ocrx_word' id='word_1_108' title='bbox 914 1778 1075 1845; x_wconf 87' lang='lat' dir='ltr'><strong>donatam</strong></span> <span class='ocrx_word' id='word_1_109' title='bbox 1098 1777 1205 1847; x_wconf 86' lang='lat' dir='ltr'><strong>uitam</strong></span> <span class='ocrx_word' id='word_1_110' title='bbox 1229 1794 1334 1846; x_wconf 86' lang='lat' dir='ltr'><strong>manu</strong></span> <span class='ocrx_word' id='word_1_111' title='bbox 1349 1778 1438 1845; x_wconf 86' lang='lat' dir='ltr'><strong>scri-</strong></span> 
     </span>
     <span class='ocr_line' id='line_1_13' title="bbox 200 1891 1439 1979; baseline 0.003 -21"><span class='ocrx_word' id='word_1_112' title='bbox 200 1904 299 1979; x_wconf 90' lang='lat' dir='ltr'><strong>ptam</strong></span> <span class='ocrx_word' id='word_1_113' title='bbox 316 1894 353 1963; x_wconf 88' lang='lat' dir='ltr'><strong>S.</strong></span> <span class='ocrx_word' id='word_1_114' title='bbox 375 1896 415 1961; x_wconf 92' lang='grc' dir='ltr'><strong>Ρ.</strong></span> <span class='ocrx_word' id='word_1_115' title='bbox 435 1894 479 1961; x_wconf 89' lang='grc' dir='ltr'><strong>Ν.</strong></span> <span class='ocrx_word' id='word_1_116' title='bbox 498 1892 635 1979; x_wconf 86' lang='lat' dir='ltr'><strong>Ignatii,</strong></span> <span class='ocrx_word' id='word_1_117' title='bbox 653 1891 879 1979; x_wconf 80' lang='lat' dir='ltr'><strong>compositam</strong></span> <span class='ocrx_word' id='word_1_118' title='bbox 898 1915 920 1959; x_wconf 90' lang='lat' dir='ltr'><strong>a</strong></span> <span class='ocrx_word' id='word_1_119' title='bbox 937 1896 977 1961; x_wconf 90' lang='lat' dir='ltr'><strong>P.</strong></span> <span class='ocrx_word' id='word_1_120' title='bbox 996 1891 1175 1961; x_wconf 89' lang='lat' dir='ltr'><strong>Ludouico</strong></span> <span class='ocrx_word' id='word_1_121' title='bbox 1203 1894 1378 1961; x_wconf 87' lang='lat' dir='ltr'><strong>Consalno</strong></span> <span class='ocrx_word' id='word_1_122' title='bbox 1391 1896 1439 1963; x_wconf 89' lang='lat' dir='ltr'><strong>de</strong></span> 
     </span>
     <span class='ocr_line' id='line_1_14' title="bbox 196 1986 1437 2096; baseline -0.002 -20"><span class='ocrx_word' id='word_1_123' title='bbox 196 1986 363 2090; x_wconf 80' lang='lat' dir='ltr'><strong>Camera,</strong></span> <span class='ocrx_word' id='word_1_124' title='bbox 381 2022 429 2091; x_wconf 90' lang='lat' dir='ltr'><strong>et,</strong></span> <span class='ocrx_word' id='word_1_125' title='bbox 449 2019 486 2075; x_wconf 93' lang='lat' dir='ltr'><strong>ut</strong></span> <span class='ocrx_word' id='word_1_126' title='bbox 500 2008 645 2096; x_wconf 83' lang='lat' dir='ltr'><strong>ipsemet</strong></span> <span class='ocrx_word' id='word_1_127' title='bbox 661 2007 791 2089; x_wconf 82' lang='lat' dir='ltr'><strong>scribit,</strong></span> <span class='ocrx_word' id='word_1_128' title='bbox 809 2009 854 2076; x_wconf 90' lang='lat' dir='ltr'><strong>ab</strong></span> <span class='ocrx_word' id='word_1_129' title='bbox 876 2008 951 2095; x_wconf 93' lang='lat' dir='ltr'><strong>ipso</strong></span> <span class='ocrx_word' id='word_1_130' title='bbox 968 2011 1009 2075; x_wconf 92' lang='grc' dir='ltr'><strong>Ρ.</strong></span> <span class='ocrx_word' id='word_1_131' title='bbox 1027 2008 1164 2096; x_wconf 86' lang='lat' dir='ltr'><strong>Ignatio</strong></span> <span class='ocrx_word' id='word_1_132' title='bbox 1185 2021 1356 2077; x_wconf 87' lang='lat' dir='ltr'><strong>narratam</strong></span> <span class='ocrx_word' id='word_1_133' title='bbox 1375 2008 1437 2077; x_wconf 79' lang='lat' dir='ltr'><strong>tri-</strong></span> 
     </span>
     <span class='ocr_line' id='line_1_15' title="bbox 196 2123 1438 2211; baseline 0 -19"><span class='ocrx_word' id='word_1_134' title='bbox 196 2126 270 2193; x_wconf 90' lang='lat' dir='ltr'><strong>bus</strong></span> <span class='ocrx_word' id='word_1_135' title='bbox 286 2123 386 2192; x_wconf 90' lang='lat' dir='ltr'><strong>annis</strong></span> <span class='ocrx_word' id='word_1_136' title='bbox 403 2136 483 2195; x_wconf 88' lang='lat' dir='ltr'><strong>ante</strong></span> <span class='ocrx_word' id='word_1_137' title='bbox 503 2134 661 2208; x_wconf 89' lang='lat' dir='ltr'><strong>mortem,</strong></span> <span class='ocrx_word' id='word_1_138' title='bbox 684 2124 807 2191; x_wconf 88' lang='lat' dir='ltr'><strong>adacto</strong></span> <span class='ocrx_word' id='word_1_139' title='bbox 834 2123 971 2211; x_wconf 85' lang='lat' dir='ltr'><strong>magnis</strong></span> <span class='ocrx_word' id='word_1_140' title='bbox 986 2135 1022 2193; x_wconf 88' lang='lat' dir='ltr'><strong>et</strong></span> <span class='ocrx_word' id='word_1_141' title='bbox 1048 2123 1253 2211; x_wconf 85' lang='lat' dir='ltr'><strong>importunis</strong></span> <span class='ocrx_word' id='word_1_142' title='bbox 1275 2123 1438 2211; x_wconf 89' lang='lat' dir='ltr'><strong>precibus</strong></span> 
     </span>
     <span class='ocr_line' id='line_1_16' title="bbox 195 2224 1438 2326; baseline 0 -19"><span class='ocrx_word' id='word_1_143' title='bbox 195 2224 483 2309; x_wconf 82' lang='lat' dir='ltr'><strong>domesticorum.</strong></span> <span class='ocrx_word' id='word_1_144' title='bbox 503 2242 538 2307; x_wconf 89' lang='lat' dir='ltr'><strong>In</strong></span> <span class='ocrx_word' id='word_1_145' title='bbox 556 2242 621 2307; x_wconf 90' lang='lat' dir='ltr'><strong>hac</strong></span> <span class='ocrx_word' id='word_1_146' title='bbox 638 2238 720 2320; x_wconf 90' lang='lat' dir='ltr'><strong>uita,</strong></span> <span class='ocrx_word' id='word_1_147' title='bbox 739 2238 867 2326; x_wconf 83' lang='lat' dir='ltr'><strong>pagina</strong></span> <span class='ocrx_word' id='word_1_148' title='bbox 883 2238 965 2307; x_wconf 87' lang='lat' dir='ltr'><strong>mihi</strong></span> <span class='ocrx_word' id='word_1_149' title='bbox 981 2257 1025 2323; x_wconf 86' lang='lat'><strong>74</strong></span> <span class='ocrx_word' id='word_1_150' title='bbox 1035 2249 1071 2306; x_wconf 92' lang='lat' dir='ltr'><strong>et</strong></span> <span class='ocrx_word' id='word_1_151' title='bbox 1082 2255 1139 2324; x_wconf 87' lang='lat'><strong>75,</strong></span> <span class='ocrx_word' id='word_1_152' title='bbox 1152 2239 1273 2308; x_wconf 87' lang='lat' dir='ltr'><strong>scribit</strong></span> <span class='ocrx_word' id='word_1_153' title='bbox 1286 2244 1327 2307; x_wconf 90' lang='lat' dir='ltr'><strong>P.</strong></span> <span class='ocrx_word' id='word_1_154' title='bbox 1340 2242 1438 2307; x_wconf 86' lang='lat' dir='ltr'><strong>Con·</strong></span> 
     </span>
     <span class='ocr_line' id='line_1_17' title="bbox 198 2353 1440 2443; baseline 0.001 -19"><span class='ocrx_word' id='word_1_155' title='bbox 198 2356 324 2424; x_wconf 84' lang='lat' dir='ltr'><strong>saluus</strong></span> <span class='ocrx_word' id='word_1_156' title='bbox 338 2356 429 2423; x_wconf 91' lang='lat' dir='ltr'><strong>inter</strong></span> <span class='ocrx_word' id='word_1_157' title='bbox 443 2357 551 2423; x_wconf 88' lang='lat' dir='ltr'><strong>multa</strong></span> <span class='ocrx_word' id='word_1_158' title='bbox 578 2355 656 2435; x_wconf 86' lang='lat' dir='ltr'><strong>alia,</strong></span> <span class='ocrx_word' id='word_1_159' title='bbox 684 2356 772 2421; x_wconf 90' lang='lat' dir='ltr'><strong>haec</strong></span> <span class='ocrx_word' id='word_1_160' title='bbox 799 2353 865 2421; x_wconf 85' lang='lat' dir='ltr'><strong>sibi</strong></span> <span class='ocrx_word' id='word_1_161' title='bbox 893 2376 969 2438; x_wconf 78' lang='lat' dir='ltr'><strong>esse</strong></span> <span class='ocrx_word' id='word_1_162' title='bbox 996 2354 1087 2421; x_wconf 86' lang='lat' dir='ltr'><strong>dicta</strong></span> <span class='ocrx_word' id='word_1_163' title='bbox 1103 2378 1124 2422; x_wconf 90' lang='lat' dir='ltr'><strong>a</strong></span> <span class='ocrx_word' id='word_1_164' title='bbox 1141 2358 1181 2423; x_wconf 89' lang='lat' dir='ltr'><strong>P.</strong></span> <span class='ocrx_word' id='word_1_165' title='bbox 1211 2356 1359 2443; x_wconf 84' lang='lat' dir='ltr'><strong>Ignatio:</strong></span> <span class='ocrx_word' id='word_1_166' title='bbox 1380 2380 1440 2425; x_wconf 78' lang='lat' dir='ltr'><strong>«se</strong></span> 
     </span>
     <span class='ocr_line' id='line_1_18' title="bbox 196 2454 1438 2558; baseline 0 -19"><span class='ocrx_word' id='word_1_167' title='bbox 196 2492 340 2558; x_wconf 79' lang='lat' dir='ltr'><strong>semper</strong></span> <span class='ocrx_word' id='word_1_168' title='bbox 366 2471 518 2540; x_wconf 85' lang='lat' dir='ltr'><strong>creuisse</strong></span> <span class='ocrx_word' id='word_1_169' title='bbox 545 2470 580 2537; x_wconf 94' lang='lat' dir='ltr'><strong>in</strong></span> <span class='ocrx_word' id='word_1_170' title='bbox 608 2469 804 2552; x_wconf 88' lang='lat' dir='ltr'><strong>deuotione,</strong></span> <span class='ocrx_word' id='word_1_171' title='bbox 835 2469 867 2537; x_wconf 92' lang='lat' dir='ltr'><strong>id</strong></span> <span class='ocrx_word' id='word_1_172' title='bbox 897 2481 968 2552; x_wconf 87' lang='lat' dir='ltr'><strong>est,</strong></span> <span class='ocrx_word' id='word_1_173' title='bbox 985 2470 1022 2537; x_wconf 89' lang='lat' dir='ltr'><strong>in</strong></span> <span class='ocrx_word' id='word_1_174' title='bbox 1050 2470 1212 2539; x_wconf 82' lang='lat' dir='ltr'><strong>facilitate</strong></span> <span class='ocrx_word' id='word_1_175' title='bbox 1238 2454 1438 2542; x_wconf 81' lang='lat' dir='ltr'><strong>inueniendi</strong></span> 
     </span>
     <span class='ocr_line' id='line_1_19' title="bbox 202 2585 1438 2673; baseline -0.002 -18"><span class='ocrx_word' id='word_1_176' title='bbox 202 2590 332 2669; x_wconf 87' lang='lat' dir='ltr'><strong>Deum,</strong></span> <span class='ocrx_word' id='word_1_177' title='bbox 351 2599 386 2657; x_wconf 92' lang='lat' dir='ltr'><strong>et</strong></span> <span class='ocrx_word' id='word_1_178' title='bbox 406 2604 499 2654; x_wconf 89' lang='lat' dir='ltr'><strong>nunc</strong></span> <span class='ocrx_word' id='word_1_179' title='bbox 519 2586 596 2673; x_wconf 86' lang='lat' dir='ltr'><strong>plus</strong></span> <span class='ocrx_word' id='word_1_180' title='bbox 623 2606 725 2673; x_wconf 90' lang='lat' dir='ltr'><strong>quam</strong></span> <span class='ocrx_word' id='word_1_181' title='bbox 752 2606 906 2671; x_wconf 90' lang='lat' dir='ltr'><strong>unquam</strong></span> <span class='ocrx_word' id='word_1_182' title='bbox 933 2585 968 2652; x_wconf 91' lang='lat' dir='ltr'><strong>in</strong></span> <span class='ocrx_word' id='word_1_183' title='bbox 996 2585 1069 2653; x_wconf 88' lang='lat' dir='ltr'><strong>nita</strong></span> <span class='ocrx_word' id='word_1_184' title='bbox 1083 2607 1159 2667; x_wconf 87' lang='lat' dir='ltr'><strong>sua,</strong></span> <span class='ocrx_word' id='word_1_185' title='bbox 1185 2586 1266 2673; x_wconf 89' lang='lat' dir='ltr'><strong>qnia</strong></span> <span class='ocrx_word' id='word_1_186' title='bbox 1281 2586 1438 2672; x_wconf 85' lang='lat' dir='ltr'><strong>qualibet</strong></span> 
     </span>
     <span class='ocr_line' id='line_1_20' title="bbox 202 2696 1439 2790; baseline -0.001 -20"><span class='ocrx_word' id='word_1_187' title='bbox 202 2704 282 2771; x_wconf 89' lang='lat' dir='ltr'><strong>uice</strong></span> <span class='ocrx_word' id='word_1_188' title='bbox 296 2713 332 2770; x_wconf 92' lang='lat' dir='ltr'><strong>et</strong></span> <span class='ocrx_word' id='word_1_189' title='bbox 343 2706 440 2785; x_wconf 88' lang='lat' dir='ltr'><strong>hora,</strong></span> <span class='ocrx_word' id='word_1_190' title='bbox 455 2696 523 2789; x_wconf 84' lang='lat' dir='ltr'><strong>qua</strong></span> <span class='ocrx_word' id='word_1_191' title='bbox 536 2702 639 2772; x_wconf 89' lang='lat' dir='ltr'><strong>uellet</strong></span> <span class='ocrx_word' id='word_1_192' title='bbox 652 2700 809 2772; x_wconf 88' lang='lat' dir='ltr'><strong>inuenire</strong></span> <span class='ocrx_word' id='word_1_193' title='bbox 820 2704 947 2783; x_wconf 90' lang='lat' dir='ltr'><strong>Deum,</strong></span> <span class='ocrx_word' id='word_1_194' title='bbox 961 2701 1057 2769; x_wconf 89' lang='lat' dir='ltr'><strong>illum</strong></span> <span class='ocrx_word' id='word_1_195' title='bbox 1069 2701 1282 2784; x_wconf 84' lang='lat' dir='ltr'><strong>inueniebat3</strong></span> <span class='ocrx_word' id='word_1_196' title='bbox 1297 2713 1332 2770; x_wconf 92' lang='lat' dir='ltr'><strong>et</strong></span> <span class='ocrx_word' id='word_1_197' title='bbox 1345 2706 1439 2790; x_wconf 91' lang='lat' dir='ltr'><strong>quod</strong></span> 
     </span>
     <span class='ocr_line' id='line_1_21' title="bbox 202 2816 1438 2905; baseline 0 -19"><span class='ocrx_word' id='word_1_198' title='bbox 202 2820 356 2888; x_wconf 87' lang='lat' dir='ltr'><strong>habebat</strong></span> <span class='ocrx_word' id='word_1_199' title='bbox 372 2817 475 2889; x_wconf 89' lang='lat' dir='ltr'><strong>etiam</strong></span> <span class='ocrx_word' id='word_1_200' title='bbox 491 2829 574 2885; x_wconf 91' lang='lat' dir='ltr'><strong>tunc</strong></span> <span class='ocrx_word' id='word_1_201' title='bbox 601 2819 726 2886; x_wconf 90' lang='lat' dir='ltr'><strong>multas</strong></span> <span class='ocrx_word' id='word_1_202' title='bbox 754 2816 935 2899; x_wconf 87' lang='lat' dir='ltr'><strong>uissiones,</strong></span> <span class='ocrx_word' id='word_1_203' title='bbox 962 2816 1111 2885; x_wconf 80' lang='lat' dir='ltr'><strong>maxime</strong></span> <span class='ocrx_word' id='word_1_204' title='bbox 1136 2817 1224 2901; x_wconf 85' lang='lat' dir='ltr'><strong>illas,</strong></span> <span class='ocrx_word' id='word_1_205' title='bbox 1246 2818 1438 2905; x_wconf 86' lang='lat' dir='ltr'><strong>dequibus</strong></span> 
     </span>
     <span class='ocr_line' id='line_1_22' title="bbox 197 2914 1477 3023; baseline 0 -21"><span class='ocrx_word' id='word_1_206' title='bbox 197 2935 454 3021; x_wconf 86' lang='lat' dir='ltr'><strong>supradictum</strong></span> <span class='ocrx_word' id='word_1_207' title='bbox 471 2946 542 3001; x_wconf 75' lang='lat' dir='ltr'><strong>esto</strong></span> <span class='ocrx_word' id='word_1_208' title='bbox 564 2937 642 3022; x_wconf 89' lang='lat' dir='ltr'><strong>(hoc</strong></span> <span class='ocrx_word' id='word_1_209' title='bbox 658 2914 710 3023; x_wconf 63' lang='lat' dir='ltr'><strong>dst</strong></span> <span class='ocrx_word' id='word_1_210' title='bbox 726 2932 762 3001; x_wconf 90' lang='lat' dir='ltr'><strong>in</strong></span> <span class='ocrx_word' id='word_1_211' title='bbox 782 2932 840 3001; x_wconf 90' lang='lat' dir='ltr'><strong>illa</strong></span> <span class='ocrx_word' id='word_1_212' title='bbox 854 2934 976 3001; x_wconf 90' lang='lat' dir='ltr'><strong>eadem</strong></span> <span class='ocrx_word' id='word_1_213' title='bbox 996 2931 1068 3000; x_wconf 87' lang='lat' dir='ltr'><strong>uita</strong></span> <span class='ocrx_word' id='word_1_214' title='bbox 1084 2946 1220 3001; x_wconf 86' lang='lat' dir='ltr'><strong>narrata</strong></span> <span class='ocrx_word' id='word_1_215' title='bbox 1236 2956 1257 3002; x_wconf 89' lang='lat' dir='ltr'><strong>a</strong></span> <span class='ocrx_word' id='word_1_216' title='bbox 1274 2936 1314 3001; x_wconf 87' lang='lat' dir='ltr'><strong>P.</strong></span> <span class='ocrx_word' id='word_1_217' title='bbox 1333 2937 1438 3022; x_wconf 85' lang='lat' dir='ltr'><strong>lgna·</strong></span> <span class='ocrx_word' id='word_1_218' title='bbox 1473 2986 1477 2991; x_wconf 82' lang='grc'><em>.</em></span> 
     </span>
     <span class='ocr_line' id='line_1_23' title="bbox 202 3048 1438 3157; baseline 0.001 -40"><span class='ocrx_word' id='word_1_219' title='bbox 202 3052 266 3133; x_wconf 90' lang='lat' dir='ltr'><strong>tio,</strong></span> <span class='ocrx_word' id='word_1_220' title='bbox 283 3064 319 3119; x_wconf 89' lang='lat' dir='ltr'><strong>et</strong></span> <span class='ocrx_word' id='word_1_221' title='bbox 334 3050 461 3157; x_wconf 88' lang='lat' dir='ltr'><strong>scripta</strong></span> <span class='ocrx_word' id='word_1_222' title='bbox 482 3073 502 3117; x_wconf 90' lang='lat' dir='ltr'><strong>a</strong></span> <span class='ocrx_word' id='word_1_223' title='bbox 524 3053 564 3118; x_wconf 93' lang='lat' dir='ltr'><strong>P.</strong></span> <span class='ocrx_word' id='word_1_224' title='bbox 588 3050 786 3139; x_wconf 73' lang='lat' dir='ltr'><strong>Ormenion),</strong></span> <span class='ocrx_word' id='word_1_225' title='bbox 806 3048 916 3117; x_wconf 65' lang='lat' dir='ltr'><strong>«sicut</strong></span> <span class='ocrx_word' id='word_1_226' title='bbox 933 3048 1050 3119; x_wconf 87' lang='lat' dir='ltr'><strong>uidere</strong></span> <span class='ocrx_word' id='word_1_227' title='bbox 1077 3050 1253 3119; x_wconf 89' lang='lat' dir='ltr'><strong>Christum</strong></span> <span class='ocrx_word' id='word_1_228' title='bbox 1274 3062 1438 3137; x_wconf 87' lang='lat' dir='ltr'><strong>tanquam</strong></span> 
     </span>
     <span class='ocr_line' id='line_1_24' title="bbox 200 3164 1438 3251; baseline -0.001 -16"><span class='ocrx_word' id='word_1_229' title='bbox 200 3168 326 3236; x_wconf 89' lang='lat' dir='ltr'><strong>solem.</strong></span> <span class='ocrx_word' id='word_1_230' title='bbox 345 3169 389 3233; x_wconf 90' lang='lat' dir='ltr'><strong>Et</strong></span> <span class='ocrx_word' id='word_1_231' title='bbox 405 3170 471 3233; x_wconf 91' lang='lat' dir='ltr'><strong>hoc</strong></span> <span class='ocrx_word' id='word_1_232' title='bbox 485 3165 532 3233; x_wconf 93' lang='lat' dir='ltr'><strong>illi</strong></span> <span class='ocrx_word' id='word_1_233' title='bbox 545 3164 721 3234; x_wconf 84' lang='lat' dir='ltr'><strong>accidebat</strong></span> <span class='ocrx_word' id='word_1_234' title='bbox 733 3186 848 3251; x_wconf 87' lang='lat' dir='ltr'><strong>saepe,</strong></span> <span class='ocrx_word' id='word_1_235' title='bbox 862 3166 1082 3249; x_wconf 88' lang='lat' dir='ltr'><strong>ambulando,</strong></span> <span class='ocrx_word' id='word_1_236' title='bbox 1096 3167 1322 3251; x_wconf 86' lang='lat' dir='ltr'><strong>loquendode</strong></span> <span class='ocrx_word' id='word_1_237' title='bbox 1333 3169 1438 3234; x_wconf 87' lang='lat' dir='ltr'><strong>rebus</strong></span> 
     </span>
     <span class='ocr_line' id='line_1_25' title="bbox 196 3279 1438 3370; baseline 0.001 -21"><span class='ocrx_word' id='word_1_238' title='bbox 196 3282 321 3370; x_wconf 86' lang='lat' dir='ltr'><strong>magni</strong></span> <span class='ocrx_word' id='word_1_239' title='bbox 339 3282 515 3349; x_wconf 84' lang='lat' dir='ltr'><strong>momenti:</strong></span> <span class='ocrx_word' id='word_1_240' title='bbox 538 3292 574 3349; x_wconf 92' lang='lat' dir='ltr'><strong>et</strong></span> <span class='ocrx_word' id='word_1_241' title='bbox 600 3284 666 3349; x_wconf 90' lang='lat' dir='ltr'><strong>hoc</strong></span> <span class='ocrx_word' id='word_1_242' title='bbox 695 3279 840 3349; x_wconf 82' lang='lat' dir='ltr'><strong>faciebat</strong></span> <span class='ocrx_word' id='word_1_243' title='bbox 868 3280 964 3347; x_wconf 88' lang='lat' dir='ltr'><strong>illum</strong></span> <span class='ocrx_word' id='word_1_244' title='bbox 994 3280 1112 3348; x_wconf 84' lang='lat' dir='ltr'><strong>uenire</strong></span> <span class='ocrx_word' id='word_1_245' title='bbox 1140 3280 1174 3349; x_wconf 91' lang='lat' dir='ltr'><strong>in</strong></span> <span class='ocrx_word' id='word_1_246' title='bbox 1201 3283 1438 3351; x_wconf 86' lang='lat' dir='ltr'><strong>confirmatio-</strong></span> 
     </span>
     <span class='ocr_line' id='line_1_26' title="bbox 200 3390 1435 3490; baseline 0 -25"><span class='ocrx_word' id='word_1_247' title='bbox 200 3420 281 3465; x_wconf 89' lang='lat' dir='ltr'><strong>nem</strong></span> <span class='ocrx_word' id='word_1_248' title='bbox 299 3400 331 3460; x_wconf 61' lang='grc' dir='ltr'><strong>ὅ»</strong></span> <span class='ocrx_word' id='word_1_249' title='bbox 350 3397 671 3490; x_wconf 88' lang='lat' dir='ltr'><strong>(Constitutionum,</strong></span> <span class='ocrx_word' id='word_1_250' title='bbox 690 3390 776 3481; x_wconf 80' lang='lat' dir='ltr'><strong>quas</strong></span> <span class='ocrx_word' id='word_1_251' title='bbox 790 3394 962 3464; x_wconf 89' lang='lat' dir='ltr'><strong>scribebat</strong></span> <span class='ocrx_word' id='word_1_252' title='bbox 977 3408 1012 3463; x_wconf 95' lang='lat' dir='ltr'><strong>et</strong></span> <span class='ocrx_word' id='word_1_253' title='bbox 1026 3398 1245 3483; x_wconf 73' lang='lat' dir='ltr'><strong>complebat).</strong></span> <span class='ocrx_word' id='word_1_254' title='bbox 1262 3400 1435 3483; x_wconf 74' lang='lat' dir='ltr'><strong>«Quando</strong></span> 
     </span>
     <span class='ocr_line' id='line_1_27' title="bbox 197 3502 1439 3600; baseline 0.001 -19"><span class='ocrx_word' id='word_1_255' title='bbox 197 3515 351 3581; x_wconf 76' lang='lat' dir='ltr'><strong>faciebat</strong></span> <span class='ocrx_word' id='word_1_256' title='bbox 366 3513 505 3581; x_wconf 87' lang='lat' dir='ltr'><strong>missam</strong></span> <span class='ocrx_word' id='word_1_257' title='bbox 521 3514 671 3579; x_wconf 90' lang='lat' dir='ltr'><strong>habebat</strong></span> <span class='ocrx_word' id='word_1_258' title='bbox 687 3510 789 3580; x_wconf 89' lang='lat' dir='ltr'><strong>etiam</strong></span> <span class='ocrx_word' id='word_1_259' title='bbox 806 3512 933 3579; x_wconf 90' lang='lat' dir='ltr'><strong>multas</strong></span> <span class='ocrx_word' id='word_1_260' title='bbox 949 3511 1110 3594; x_wconf 83' lang='lat' dir='ltr'><strong>uisiones3</strong></span> <span class='ocrx_word' id='word_1_261' title='bbox 1125 3524 1161 3579; x_wconf 92' lang='lat' dir='ltr'><strong>et</strong></span> <span class='ocrx_word' id='word_1_262' title='bbox 1177 3502 1314 3600; x_wconf 86' lang='lat' dir='ltr'><strong>qnando</strong></span> <span class='ocrx_word' id='word_1_263' title='bbox 1331 3515 1439 3583; x_wconf 87' lang='lat' dir='ltr'><strong>facie-</strong></span> 
     </span>
     <span class='ocr_line' id='line_1_28' title="bbox 197 3607 1495 3715; baseline 0.002 -20"><span class='ocrx_word' id='word_1_264' title='bbox 197 3631 260 3696; x_wconf 87' lang='lat' dir='ltr'><strong>bat</strong></span> <span class='ocrx_word' id='word_1_265' title='bbox 273 3629 348 3697; x_wconf 91' lang='lat' dir='ltr'><strong>illas</strong></span> <span class='ocrx_word' id='word_1_266' title='bbox 375 3627 649 3697; x_wconf 86' lang='lat' dir='ltr'><strong>Constitutiones</strong></span> <span class='ocrx_word' id='word_1_267' title='bbox 677 3626 827 3696; x_wconf 87' lang='lat' dir='ltr'><strong>habebat</strong></span> <span class='ocrx_word' id='word_1_268' title='bbox 854 3627 996 3709; x_wconf 88' lang='lat' dir='ltr'><strong>multas;</strong></span> <span class='ocrx_word' id='word_1_269' title='bbox 1021 3638 1056 3694; x_wconf 91' lang='lat' dir='ltr'><strong>et</strong></span> <span class='ocrx_word' id='word_1_270' title='bbox 1084 3630 1176 3713; x_wconf 89' lang='lat' dir='ltr'><strong>quod</strong></span> <span class='ocrx_word' id='word_1_271' title='bbox 1203 3650 1296 3695; x_wconf 88' lang='lat' dir='ltr'><strong>nune</strong></span> <span class='ocrx_word' id='word_1_272' title='bbox 1325 3640 1438 3715; x_wconf 87' lang='lat' dir='ltr'><strong>potest</strong></span> <span class='ocrx_word' id='word_1_273' title='bbox 1491 3607 1495 3614; x_wconf 36' lang='lat'>⁵</span> 
     </span>
     <span class='ocr_line' id='line_1_29' title="bbox 195 3740 1439 3829; baseline -0.001 -17"><span class='ocrx_word' id='word_1_274' title='bbox 195 3748 371 3813; x_wconf 85' lang='lat' dir='ltr'><strong>affirmare</strong></span> <span class='ocrx_word' id='word_1_275' title='bbox 387 3747 454 3812; x_wconf 92' lang='lat' dir='ltr'><strong>hoc</strong></span> <span class='ocrx_word' id='word_1_276' title='bbox 471 3743 617 3825; x_wconf 77' lang='lat' dir='ltr'><strong>saciliuS,</strong></span> <span class='ocrx_word' id='word_1_277' title='bbox 636 3744 716 3829; x_wconf 88' lang='lat' dir='ltr'><strong>quia</strong></span> <span class='ocrx_word' id='word_1_278' title='bbox 731 3740 884 3829; x_wconf 89' lang='lat' dir='ltr'><strong>quolibet</strong></span> <span class='ocrx_word' id='word_1_279' title='bbox 894 3741 951 3810; x_wconf 86' lang='lat' dir='ltr'><strong>die</strong></span> <span class='ocrx_word' id='word_1_280' title='bbox 966 3743 1138 3809; x_wconf 88' lang='lat' dir='ltr'><strong>scribebat</strong></span> <span class='ocrx_word' id='word_1_281' title='bbox 1149 3744 1185 3809; x_wconf 88' lang='lat' dir='ltr'><strong>id</strong></span> <span class='ocrx_word' id='word_1_282' title='bbox 1200 3745 1293 3829; x_wconf 84' lang='lat' dir='ltr'><strong>quod</strong></span> <span class='ocrx_word' id='word_1_283' title='bbox 1310 3746 1439 3813; x_wconf 86' lang='lat' dir='ltr'><strong>transi·-</strong></span> 
     </span>
     <span class='ocr_line' id='line_1_30' title="bbox 198 3853 1437 3948; baseline 0 -20"><span class='ocrx_word' id='word_1_284' title='bbox 198 3853 262 3929; x_wconf 87' lang='lat' dir='ltr'><strong>bat</strong></span> <span class='ocrx_word' id='word_1_285' title='bbox 278 3884 339 3948; x_wconf 89' lang='lat' dir='ltr'><strong>per</strong></span> <span class='ocrx_word' id='word_1_286' title='bbox 354 3860 501 3929; x_wconf 89' lang='lat' dir='ltr'><strong>animam</strong></span> <span class='ocrx_word' id='word_1_287' title='bbox 518 3882 628 3943; x_wconf 89' lang='lat' dir='ltr'><strong>suam,</strong></span> <span class='ocrx_word' id='word_1_288' title='bbox 646 3869 681 3926; x_wconf 92' lang='lat' dir='ltr'><strong>et</strong></span> <span class='ocrx_word' id='word_1_289' title='bbox 695 3862 761 3926; x_wconf 91' lang='lat' dir='ltr'><strong>hoc</strong></span> <span class='ocrx_word' id='word_1_290' title='bbox 777 3857 975 3943; x_wconf 84' lang='lat' dir='ltr'><strong>inueniebat</strong></span> <span class='ocrx_word' id='word_1_291' title='bbox 990 3880 1083 3925; x_wconf 90' lang='lat' dir='ltr'><strong>nunc</strong></span> <span class='ocrx_word' id='word_1_292' title='bbox 1099 3858 1276 3945; x_wconf 87' lang='lat' dir='ltr'><strong>scriptum.</strong></span> <span class='ocrx_word' id='word_1_293' title='bbox 1293 3862 1337 3927; x_wconf 81' lang='lat' dir='ltr'><strong>Et</strong></span> <span class='ocrx_word' id='word_1_294' title='bbox 1353 3861 1437 3927; x_wconf 87' lang='lat' dir='ltr'><strong>mihi</strong></span> 
     </span>
     <span class='ocr_line' id='line_1_31' title="bbox 200 3974 1437 4061; baseline 0 -16"><span class='ocrx_word' id='word_1_295' title='bbox 200 3977 355 4045; x_wconf 88' lang='lat' dir='ltr'><strong>ostendit</strong></span> <span class='ocrx_word' id='word_1_296' title='bbox 384 3998 490 4044; x_wconf 85' lang='lat' dir='ltr'><strong>unum</strong></span> <span class='ocrx_word' id='word_1_297' title='bbox 519 3975 720 4044; x_wconf 85' lang='lat' dir='ltr'><strong>fasciculum</strong></span> <span class='ocrx_word' id='word_1_298' title='bbox 747 3974 830 4042; x_wconf 86' lang='lat' dir='ltr'><strong>satis</strong></span> <span class='ocrx_word' id='word_1_299' title='bbox 857 3974 1025 4061; x_wconf 86' lang='lat' dir='ltr'><strong>grandem</strong></span> <span class='ocrx_word' id='word_1_300' title='bbox 1052 3977 1261 4057; x_wconf 87' lang='lat' dir='ltr'><strong>chartarum,</strong></span> <span class='ocrx_word' id='word_1_301' title='bbox 1291 3999 1437 4061; x_wconf 89' lang='lat' dir='ltr'><strong>quarum</strong></span> 
     </span>
     <span class='ocr_line' id='line_1_32' title="bbox 202 4088 1439 4181; baseline 0 -22"><span class='ocrx_word' id='word_1_302' title='bbox 202 4092 290 4160; x_wconf 89' lang='lat' dir='ltr'><strong>mihi</strong></span> <span class='ocrx_word' id='word_1_303' title='bbox 305 4092 391 4180; x_wconf 87' lang='lat' dir='ltr'><strong>legit</strong></span> <span class='ocrx_word' id='word_1_304' title='bbox 406 4093 553 4179; x_wconf 88' lang='lat' dir='ltr'><strong>aliquam</strong></span> <span class='ocrx_word' id='word_1_305' title='bbox 575 4102 720 4178; x_wconf 91' lang='lat' dir='ltr'><strong>partem,</strong></span> <span class='ocrx_word' id='word_1_306' title='bbox 750 4102 785 4157; x_wconf 91' lang='lat' dir='ltr'><strong>et</strong></span> <span class='ocrx_word' id='word_1_307' title='bbox 806 4088 915 4156; x_wconf 91' lang='lat' dir='ltr'><strong>maior</strong></span> <span class='ocrx_word' id='word_1_308' title='bbox 940 4110 1020 4176; x_wconf 90' lang='lat' dir='ltr'><strong>pars</strong></span> <span class='ocrx_word' id='word_1_309' title='bbox 1046 4101 1144 4160; x_wconf 89' lang='lat' dir='ltr'><strong>erant</strong></span> <span class='ocrx_word' id='word_1_310' title='bbox 1171 4090 1334 4176; x_wconf 87' lang='lat' dir='ltr'><strong>uisiones,</strong></span> <span class='ocrx_word' id='word_1_311' title='bbox 1352 4115 1439 4181; x_wconf 88' lang='lat' dir='ltr'><strong>quas</strong></span> 
     </span>
    </p>
   </div>
   <div class='ocr_carea' id='block_1_3' title="bbox 131 4326 1440 4764">
    <p class='ocr_par' dir='ltr' id='par_1_3' title="bbox 131 4326 1440 4764">
     <span class='ocr_line' id='line_1_33' title="bbox 131 4326 1437 4407; baseline -0.002 -14"><span class='ocrx_word' id='word_1_312' title='bbox 131 4326 132 4329; x_wconf 24' lang='lat'>¹</span> <span class='ocrx_word' id='word_1_313' title='bbox 195 4336 320 4393; x_wconf 85' lang='lat' dir='ltr'><strong>cietatis</strong></span> <span class='ocrx_word' id='word_1_314' title='bbox 337 4336 422 4407; x_wconf 84' lang='lat' dir='ltr'><strong>Jesu,</strong></span> <span class='ocrx_word' id='word_1_315' title='bbox 436 4352 539 4391; x_wconf 82' lang='lat' dir='ltr'><strong>manns</strong></span> <span class='ocrx_word' id='word_1_316' title='bbox 556 4332 697 4403; x_wconf 87' lang='lat' dir='ltr'><strong>admovit,</strong></span> <span class='ocrx_word' id='word_1_317' title='bbox 712 4330 843 4403; x_wconf 86' lang='lat' dir='ltr'><strong>illudque</strong></span> <span class='ocrx_word' id='word_1_318' title='bbox 860 4330 998 4403; x_wconf 82' lang='lat' dir='ltr'><strong>perduxit</strong></span> <span class='ocrx_word' id='word_1_319' title='bbox 1015 4348 1109 4404; x_wconf 86' lang='lat' dir='ltr'><strong>usque</strong></span> <span class='ocrx_word' id='word_1_320' title='bbox 1131 4331 1168 4388; x_wconf 86' lang='lat' dir='ltr'><strong>ad</strong></span> <span class='ocrx_word' id='word_1_321' title='bbox 1181 4334 1288 4404; x_wconf 82' lang='lat' dir='ltr'><strong>Ignatii</strong></span> <span class='ocrx_word' id='word_1_322' title='bbox 1311 4335 1437 4406; x_wconf 86' lang='lat' dir='ltr'><strong>obitum,</strong></span> 
     </span>
     <span class='ocr_line' id='line_1_34' title="bbox 193 4418 1440 4507; baseline -0.002 -26"><span class='ocrx_word' id='word_1_323' title='bbox 193 4426 250 4507; x_wconf 81' lang='lat' dir='ltr'><strong>cui</strong></span> <span class='ocrx_word' id='word_1_324' title='bbox 264 4424 357 4497; x_wconf 89' lang='lat' dir='ltr'><strong>operi,</strong></span> <span class='ocrx_word' id='word_1_325' title='bbox 371 4425 457 4481; x_wconf 86' lang='lat' dir='ltr'><strong>novis</strong></span> <span class='ocrx_word' id='word_1_326' title='bbox 481 4425 560 4480; x_wconf 88' lang='lat' dir='ltr'><strong>curis</strong></span> <span class='ocrx_word' id='word_1_327' title='bbox 585 4424 774 4481; x_wconf 85' lang='lat' dir='ltr'><strong>elaboratam.</strong></span> <span class='ocrx_word' id='word_1_328' title='bbox 798 4420 893 4475; x_wconf 86' lang='lat' dir='ltr'><strong>sancti</strong></span> <span class='ocrx_word' id='word_1_329' title='bbox 906 4418 1069 4499; x_wconf 63' lang='lat' dir='ltr'><strong>fundatoris</strong></span> <span class='ocrx_word' id='word_1_330' title='bbox 1087 4422 1179 4477; x_wconf 86' lang='lat' dir='ltr'><strong>vitam</strong></span> <span class='ocrx_word' id='word_1_331' title='bbox 1194 4423 1285 4479; x_wconf 86' lang='lat' dir='ltr'><strong>latino</strong></span> <span class='ocrx_word' id='word_1_332' title='bbox 1301 4441 1440 4480; x_wconf 87' lang='lat' dir='ltr'><strong>sermone</strong></span> 
     </span>
     <span class='ocr_line' id='line_1_35' title="bbox 199 4508 1435 4589; baseline -0.003 -18"><span class='ocrx_word' id='word_1_333' title='bbox 199 4514 352 4589; x_wconf 82' lang='lat' dir='ltr'><strong>praefixit.</strong></span> <span class='ocrx_word' id='word_1_334' title='bbox 369 4516 467 4585; x_wconf 80' lang='lat' dir='ltr'><strong>Quam</strong></span> <span class='ocrx_word' id='word_1_335' title='bbox 482 4513 584 4583; x_wconf 86' lang='lat' dir='ltr'><strong>vitam,</strong></span> <span class='ocrx_word' id='word_1_336' title='bbox 598 4530 614 4567; x_wconf 87' lang='lat' dir='ltr'><strong>a</strong></span> <span class='ocrx_word' id='word_1_337' title='bbox 628 4511 714 4567; x_wconf 90' lang='lat' dir='ltr'><strong>nobis</strong></span> <span class='ocrx_word' id='word_1_338' title='bbox 736 4509 857 4581; x_wconf 89' lang='lat' dir='ltr'><strong>editam,</strong></span> <span class='ocrx_word' id='word_1_339' title='bbox 872 4510 965 4565; x_wconf 82' lang='lat' dir='ltr'><strong>babes</strong></span> <span class='ocrx_word' id='word_1_340' title='bbox 982 4508 1013 4564; x_wconf 87' lang='lat' dir='ltr'><strong>in</strong></span> <span class='ocrx_word' id='word_1_341' title='bbox 1025 4510 1145 4567; x_wconf 90' lang='lat' dir='ltr'><strong>laudato</strong></span> <span class='ocrx_word' id='word_1_342' title='bbox 1162 4528 1252 4589; x_wconf 85' lang='lat' dir='ltr'><strong>opere</strong></span> <span class='ocrx_word' id='word_1_343' title='bbox 1271 4512 1397 4582; x_wconf 63' lang='lat' dir='ltr'><strong>Claron„</strong></span> <span class='ocrx_word' id='word_1_344' title='bbox 1414 4516 1435 4582; x_wconf 89' lang='lat'><strong>1,</strong></span> 
     </span>
     <span class='ocr_line' id='line_1_36' title="bbox 197 4618 1440 4764; baseline -0.002 -16"><span class='ocrx_word' id='word_1_345' title='bbox 197 4618 269 4729; x_wconf 55' lang='grc' dir='ltr'><strong>9Ίέ</strong></span> <span class='ocrx_word' id='word_1_346' title='bbox 307 4694 388 4749; x_wconf 86' lang='lat' dir='ltr'><strong>llaec</strong></span> <span class='ocrx_word' id='word_1_347' title='bbox 402 4694 547 4749; x_wconf 83' lang='lat' dir='ltr'><strong>habentur</strong></span> <span class='ocrx_word' id='word_1_348' title='bbox 562 4690 591 4746; x_wconf 89' lang='lat' dir='ltr'><strong>in</strong></span> <span class='ocrx_word' id='word_1_349' title='bbox 606 4698 705 4745; x_wconf 89' lang='lat' dir='ltr'><strong>nostra</strong></span> <span class='ocrx_word' id='word_1_350' title='bbox 720 4688 849 4744; x_wconf 86' lang='lat' dir='ltr'><strong>editione</strong></span> <span class='ocrx_word' id='word_1_351' title='bbox 859 4688 1045 4761; x_wconf 48' lang='lat' dir='ltr'><strong>¹consaltianl</strong></span> <span class='ocrx_word' id='word_1_352' title='bbox 1060 4690 1167 4763; x_wconf 86' lang='lat' dir='ltr'><strong>operis,</strong></span> <span class='ocrx_word' id='word_1_353' title='bbox 1188 4708 1287 4763; x_wconf 81' lang='lat' dir='ltr'><strong>supra,</strong></span> <span class='ocrx_word' id='word_1_354' title='bbox 1306 4710 1373 4764; x_wconf 79' lang='lat' dir='ltr'><strong>pag.</strong></span> <span class='ocrx_word' id='word_1_355' title='bbox 1392 4706 1440 4763; x_wconf 81' lang='lat'><strong>97.</strong></span> 
     </span>
    </p>
   </div>
   <div class='ocr_carea' id='block_1_4' title="bbox 0 0 1754 5367">
    <p class='ocr_par' dir='ltr' id='par_1_4' title="bbox 0 0 1754 5367">
     <span class='ocr_line' id='line_1_37' title="bbox 0 0 1754 5367; baseline 0 0"><span class='ocrx_word' id='word_1_356' title='bbox 0 0 1754 5367; x_wconf 95' lang='lat' dir='ltr'><strong> </strong></span> 
     </span>
    </p>
   </div>
  </div>
 </body>
</html>
