3500 5367
1086 7 1699 208 ...-

421 537 476 593 724
803 525 1012 579 Maroneum
1031 523 1210 581 lerinam

454 679 497 746 C.
520 697 555 744 11
575 675 702 742 dicitur
718 677 900 762 episcopus
914 678 1192 744 claromontanus
1209 679 1221 710 ⁴
1242 679 1404 745 fundasse
1426 679 1503 743 duo
1522 678 1619 744 colle-

385 793 456 880 gia3
475 791 632 860 fundavit
648 802 764 859 autem
781 791 856 858 tria:
869 791 1070 878 parisiense,
1084 791 1308 873 billiomense,
1323 791 1575 872 mauriacense3
1587 809 1619 856 et

385 909 435 975 sic
451 908 589 993 quidem
605 909 675 974 duo
691 907 726 972 in
743 927 808 974 sua
822 905 982 974 dioecesi.

375 1037 379 1045 '
451 1025 492 1092 C.
522 1043 573 1107 14.
598 1026 687 1090 Tota
706 1022 850 1090 historia
870 1037 1184 1110 caesaraugustana
1205 1023 1314 1110 magis
1335 1037 1549 1110 congrueret
1570 1025 1615 1089 hi-

382 1141 510 1209 storiae
524 1139 719 1216 Societatis,
737 1138 858 1225 paucis
873 1139 932 1205 hic
948 1139 1100 1206 retentis.

450 1258 490 1323 C.
515 1271 565 1339 15.
585 1255 739 1340 ejusdem
755 1254 832 1320 libri
848 1255 974 1321 dicitur
996 1277 1056 1322 rex
1083 1258 1094 1290 ⁵
1116 1257 1323 1342 approbasse
1350 1256 1562 1324 Societatem
1584 1255 1614 1319 in

383 1371 515 1458 Belgio
538 1369 812 1438 Convenientius
837 1370 926 1436 forte
949 1370 1120 1438 diceretur
1143 1369 1320 1438 admisisse
1348 1393 1369 1436 a
1392 1383 1517 1438 sancta
1540 1373 1614 1438 sede

379 1487 614 1574 approbatam,
644 1507 723 1552 curn
750 1486 823 1552 suis
851 1485 1071 1552 facultatibus
1098 1495 1132 1552 et
1159 1485 1360 1573 privilegiis.
1392 1488 1477 1572 Quo
1504 1497 1613 1552 autern

378 1604 482 1670 modo
498 1594 685 1683 admiserit,
704 1614 843 1687 puncta,
861 1623 950 1686 quae
965 1623 1028 1688 pro
1045 1601 1187 1669 historia
1202 1601 1325 1668 misiet
1341 1601 1514 1670 missurus
1526 1625 1608 1668 sum.

377 1720 565 1798 ‹locebunt3
584 1739 663 1784 narn
680 1717 780 1785 valde
795 1717 1052 1798 insufficienter,
1077 1737 1145 1784 non
1165 1717 1304 1803 quidem
1329 1718 1442 1785 Patris
1465 1718 1604 1785 Ribade-

294 1856 299 1870 ·
375 1834 493 1902 neirae
508 1833 605 1914 vitio,
623 1835 685 1900 sed
701 1844 894 1918 temporum
911 1832 1136 1920 malignitate,
1155 1831 1373 1920 [explicatum
1391 1835 1473 1919 est]

442 1949 484 2016 C.
516 1953 556 2014 rb
576 1949 742 2034 ejusdem.
766 1947 841 2015 Nisi
860 1970 929 2034 ego
956 1949 1069 2028 fallor,
1100 1949 1222 2016 melius
1248 1960 1340 2016 esset
1367 1961 1485 2017 tacere
1514 1949 1598 2018 illud.

375 2066 467 2150 quod
484 2085 554 2130 non
569 2063 703 2131 dederit
718 2063 796 2129 liliis
811 2064 883 2130 suis
900 2063 1042 2132 invitae
1062 2063 1523 2144 extremo'benedictionem,
1545 2085 1600 2130 nec

374 2179 494 2249 fecerit
512 2181 613 2247 ullam
631 2179 675 2245 ad
690 2201 752 2246 eos
769 2178 1051 2260 exhortationem;
1071 2201 1149 2246 nam
1165 2179 1244 2248 licet
1260 2179 1295 2245 id
1306 2181 1385 2264 jure
1398 2179 1531 2266 optimo
1545 2179 1596 2245 tri·

373 2297 500 2362 buatur
515 2293 712 2376 humilitati,
729 2295 824 2361 nullo
840 2305 956 2363 tamen
971 2293 1007 2360 id
1022 2295 1166 2361 docetur
1180 2307 1399 2382 argumento
1416 2295 1512 2366 Satis
1532 2317 1597 2363 esse

372 2411 504 2478 dictum
520 2410 657 2477 videtur
672 2411 715 2476 ad
730 2409 838 2496 ipsius
853 2409 1112 2477 sanctimoniam
1129 2412 1430 2498 comprobandam,
1447 2413 1536 2497 quod
1550 2411 1594 2474 ui·

373 2539 442 2593 tam
460 2539 612 2622 sanctam
629 2525 752 2614 egerit,
771 2538 915 2592 mortem
941 2525 1144 2612 praeviderit
1165 2549 1206 2592 ac
1226 2527 1445 2612 praedixerit,
1469 2527 1556 2612 quod
1576 2551 1590 2588 a

371 2642 586 2709 sanctissimo
609 2640 881 2709 benedictionem
907 2640 974 2728 peti
998 2641 1180 2722 curaverit,
1201 2643 1293 2726 quod
1314 2643 1469 2709 munitus
1491 2663 1590 2708 sacra-

370 2758 495 2825 mentis
515 2756 712 2837 decesserit,
730 2768 764 2823 et
786 2743 877 2842 duod
899 2769 1017 2823 sancte
1037 2769 1072 2823 et
1092 2758 1228 2843 integro
1244 2757 1375 2843 judicio
1395 2758 1487 2826 diem
1507 2759 1591 2824 clau-

370 2873 465 2940 serit.

437 2989 600 3058 Similiter
613 2989 705 3074 quod
717 3010 748 3054 c.
768 2989 807 3054 18
819 2987 945 3053 dicitur
956 2990 999 3054 de
1013 2986 1173 3074 imagine.
1191 2991 1360 3069 Praestat,
1372 3011 1450 3056 meo
1457 2987 1586 3075 judicio.

368 3108 412 3174 de
428 3105 588 3192 imaginis
602 3104 710 3191 ipsius
727 3105 882 3186 veritate,
901 3125 963 3171 seu
980 3125 1068 3187 quae
1083 3103 1127 3170 sit
1143 3103 1253 3190 magis
1269 3105 1417 3190 propria,
1431 3103 1584 3191 judicium

367 3219 532 3290 Societati
553 3219 762 3305 relinquere3
781 3241 859 3285 nam
885 3223 922 3286 Ρ.
943 3219 986 3286 Ν.
1006 3219 1187 3306 generalis
1206 3220 1324 3287 audito
1346 3223 1525 3287 multorum
1539 3239 1583 3284 sc-

323 3349 326 3353 ’
368 3338 502 3404 niorum
522 3335 666 3423 judicio,
689 3333 952 3403 convenientius
972 3346 1112 3414 statuet,
1135 3357 1237 3420 quarn
1259 3335 1369 3421 pictor
1388 3335 1445 3402 ille
1464 3335 1582 3419 ‘regis

366 3454 446 3523 licet
462 3451 716 3522 celeberrimus.
737 3452 838 3518 Adde
853 3451 945 3534 quod
965 3450 1014 3518 sic
1029 3450 1144 3519 dicere
1168 3472 1236 3518 non
1257 3462 1311 3517 est
1328 3451 1489 3520 Societati
1505 3446 1581 3516 beari

367 3569 479 3634 Patris
496 3567 680 3653 imaginem
696 3579 897 3652 perpetuam
914 3566 1008 3646 dare,
1027 3567 1088 3634 sed
1104 3565 1235 3632 animos
1251 3567 1472 3652 suspendere.

432 3685 528 3751 Haec
543 3683 662 3764 habui,
680 3681 880 3748 charissime
897 3681 1011 3763 frater,
1030 3704 1130 3766 quae,
1150 3693 1188 3748 ut
1209 3681 1269 3748 tibi
1285 3684 1503 3769 obsequerer,
1519 3678 1578 3744 col·

364 3799 433 3885 legi
449 3821 491 3866 ex
507 3798 578 3864 vita
594 3797 788 3883 conscripta
803 3818 823 3862 a
841 3801 881 3863 P.
901 3795 1139 3878 Ribadeneira,
1158 3797 1265 3885 digna
1277 3820 1356 3866 meo
1367 3795 1496 3884 judicio
1508 3815 1577 3862 oon·

362 3913 582 3980 sideratione.
602 3915 701 4000 Rogo
717 3924 756 3978 ut
777 3913 861 3978 nihil
882 3916 1003 3980 horum
1024 3913 1120 3980 alteri
1142 3913 1389 3994 communices,
1413 3925 1575 3998 antequam

364 4034 403 4095 P.
428 4031 472 4096 N.
496 4029 709 4096 voluntatem
731 4027 949 4115 cognoveris
974 4029 1028 4097 vel
1050 4031 1090 4095 P.
1113 4029 1300 4116 Georgius,
1322 4029 1494 4110 assistens
1514 4027 1576 4110 ejus

361 4144 499 4213 nomine
515 4142 644 4230 aliquid
660 4144 829 4210 statuerit.
849 4143 935 4223 Ora,
954 4163 1094 4228 quassu,
1112 4165 1255 4230 prome.

428 4258 600 4328 Bruxellis
616 4278 658 4342 24
676 4259 852 4328 Februarii
874 4260 969 4326 1600.
1258 4346 1261 4352 Ι

684 4377 689 4384 “
965 4377 1171 4444 Ocrvsntus
1196 4379 1414 4445 Marsaeus,

411 4572 422 4602 ⁴
460 4565 629 4623 Gulielmus
640 4563 678 4619 de
691 4565 789 4620 Prato.

412 4661 422 4688 ³*
460 4654 616 4726 Philippus
628 4653 668 4708 11.
735 4670 739 4679 ·

409 4750 421 4780 ⁰
459 4745 629 4816 Alphonsus
643 4741 776 4798 Sanchez
788 4741 812 4798 C
815 4745 902 4810 oello,
916 4743 1010 4815 pictor
1025 4743 1150 4816 Philippi
1164 4743 1203 4799 ll.
