3500 5367
401 479 454 549 690
780 481 989 535 Mouuuuura
1009 478 1189 546 lunarum

365 631 537 719 religiose,
555 643 591 709 et
613 633 734 718 regula
754 631 837 698 dicti
860 630 1002 713 ordinis,
1024 642 1191 716 quantum
1213 631 1341 718 patitur
1360 635 1502 700 humana
1516 638 1571 702 fra-f

364 747 492 834 gilitas,
511 750 695 814 obseruata
710 746 876 828 viuendo,
891 747 1065 832 vitamque
1082 747 1315 815 heremiticam
1332 750 1437 829 solus,
1451 764 1505 816 aut
1519 773 1570 818 vna

365 885 444 929 cum
462 885 530 932 vno
549 863 643 931 socio
663 863 745 929 dicti
774 865 827 930 vel
843 862 984 931 alterius
1012 862 1141 929 ordinis
1168 885 1228 949 per
1249 875 1282 930 te
1309 866 1415 933 semel
1430 865 1568 952 eligendi,

365 981 536 1061 ducendo,
554 982 619 1046 sub
636 963 830 1047 obedientia
849 990 884 1046 et
905 977 1120 1048 correctione
1139 979 1302 1046 ordinarii
1318 979 1397 1060 loci,
1421 981 1455 1048 in
1473 995 1572 1066 quote

365 1117 429 1182 pro
447 1106 599 1182 tempore
620 1095 768 1162 residere
788 1093 984 1180 contigerit,
1003 1095 1145 1175 morari,
1163 1107 1254 1163 stare
1270 1106 1304 1164 et
1325 1117 1523 1182 permanere.
1539 1100 1571 1163 Et

365 1210 514 1293 interim,
534 1224 602 1278 tam
620 1223 669 1293 tu,
688 1233 790 1297 quam
807 1211 925 1278 socius
948 1221 1029 1277 tuus
1050 1210 1257 1296 praedictus
1279 1211 1307 1278 si
1329 1214 1500 1299 presbyter
1515 1215 1572 1280 fue-

366 1328 422 1409 rit,
441 1327 561 1394 missas
581 1338 617 1396 et
636 1328 702 1396 alia
722 1327 841 1394 diuina
867 1325 981 1393 officia
1007 1325 1193 1409 celebrare3
1223 1336 1257 1395 et
1284 1338 1455 1411 quatenus
1470 1331 1508 1396 ad
1522 1331 1574 1394 hoc

366 1444 511 1510 idoneus
530 1443 669 1523 existas,
691 1445 772 1529 Xpi.
802 1440 954 1528 fidelium
971 1443 1013 1508 ad
1035 1454 1068 1509 te
1090 1443 1336 1508 confluentium
1364 1443 1576 1512 confessiones

366 1558 496 1640 audire,
520 1558 638 1644 eisque
658 1557 888 1627 ecclesiastica
908 1570 1134 1642 sacramenta,
1152 1557 1227 1625 sine
1248 1557 1450 1643 praeiuditio
1466 1559 1573 1645 jurium

257 1718 259 1720 ψ
366 1674 626 1761 parrochialium
642 1689 676 1743 et
693 1686 910 1760 preterquam
925 1674 960 1740 in
978 1675 1152 1760 paschate,
1175 1673 1381 1750 ministrare;
1403 1691 1436 1744 et
1452 1677 1575 1744 verbum

365 1790 442 1869 Dei,
461 1789 489 1856 si
505 1791 548 1856 ad
565 1789 598 1855 id
615 1812 635 1857 a
651 1790 777 1876 populo
794 1790 848 1856 vel
864 1788 1086 1856 ecclesiarum
1103 1788 1293 1857 rectoribus
1314 1801 1466 1872 vocatus,
1484 1803 1514 1860 et
1529 1813 1577 1876 per

366 1905 575 1973 ordinarium
592 1903 658 1971 loci
674 1903 818 1973 idoneus
837 1915 993 1991 repertus
1015 1903 1131 1985 fueris,
1155 1904 1235 1990 Xpi.
1258 1906 1386 1991 populo
1407 1906 1575 1992 predicare.

368 2024 413 2087 Et
428 2035 466 2087 vt
477 2015 691 2088 commodius
706 2019 893 2087 sustentari
909 2019 1035 2101 valeas,
1054 2019 1289 2100 eleemosinas,
1309 2021 1370 2087 tibi
1383 2033 1417 2090 et
1429 2021 1515 2088 socio
1529 2035 1579 2086 tuo

368 2137 523 2224 predicto
539 2138 593 2222 pie
614 2137 818 2222 erogandas
842 2134 1005 2220 recipere,
1023 2156 1151 2219 easque
1171 2146 1206 2202 et
1222 2136 1287 2203 alia
1309 2139 1412 2219 bona,
1435 2159 1516 2222 quae
1530 2150 1579 2202 tua

368 2251 548 2331 industria,
574 2251 667 2320 licite
694 2265 821 2331 tamen,
851 2250 1087 2336 acquisiueris,
1106 2250 1141 2316 in
1159 2261 1236 2317 tuos
1252 2265 1286 2320 et
1302 2251 1386 2318 socii
1411 2253 1461 2318 tui
1474 2253 1580 2318 huius-

367 2370 458 2436 modi
471 2368 584 2435 licitos
596 2378 631 2436 et
643 2371 808 2433 honestos
819 2389 902 2433 vsus
914 2379 1127 2436 conuertere.
1143 2369 1188 2434 Et
1203 2367 1425 2435 nihilominus
1442 2369 1583 2435 omnibus

368 2497 403 2554 et
429 2485 576 2571 singulis
604 2461 806 2571 priuilegiis,
835 2483 968 2570 gratiis,
996 2482 1280 2566 immunitatibus,
1310 2485 1580 2571 exemptionibus,

367 2601 667 2680 concessionibus
696 2598 874 2667 fauoribus
901 2610 935 2665 et
964 2598 1116 2679 indultis,
1147 2610 1216 2666 tarn
1244 2599 1477 2685 spiritualibus
1496 2621 1583 2685 quam

368 2715 625 2802 temporalibus,
640 2716 765 2800 quibus
781 2715 837 2782 alii
852 2713 935 2781 dicti
952 2713 1081 2782 ordinis
1097 2736 1158 2782 seu
1174 2715 1350 2803 religionis
1365 2717 1409 2784 de
1421 2720 1502 2804 Jesu
1516 2737 1584 2802 pro

368 2833 526 2912 sessores,
545 2831 581 2898 in
597 2830 687 2897 illius
703 2830 861 2897 domibus
877 2841 1142 2911 commorantes,
1157 2832 1200 2900 de
1212 2831 1304 2916 jure,
1321 2853 1398 2912 vsu,
1413 2843 1584 2900 consuetu·

368 2946 448 3016 dine
464 2960 523 3016 aut
540 2947 623 3014 alias
648 2958 794 3014 vtuntur
816 2958 899 3026 etc„
928 2967 968 3013 ac
998 2945 1047 3012 uti
1070 2957 1136 3014 etc.
1154 2957 1317 3033 poterunt
1344 2945 1585 3032 quomodolibet

368 3066 404 3132 in
420 3068 586 3142 tutorum,
605 3063 690 3128 citra
717 3075 830 3128 tamen
851 3082 972 3128 vocem
1000 3061 1160 3140 actiuam,
1179 3060 1228 3127 vti
1244 3072 1309 3129 etc.
1329 3061 1437 3130 libere
1451 3073 1486 3130 et
1507 3061 1587 3128 licite

369 3180 480 3268 possis
511 3191 546 3247 et
574 3180 705 3259 valeas,
727 3178 909 3262 dictusque
936 3177 1050 3244 socius
1078 3199 1138 3262 per
1159 3189 1194 3246 te
1222 3177 1402 3264 eligendus
1431 3177 1533 3264 possit
1557 3186 1588 3242 et

368 3297 493 3375 valeat,
519 3294 610 3361 veris
625 3293 855 3361 existentibus
881 3291 1076 3378 praedictiS,
1091 3304 1208 3361 tenore
1230 3294 1460 3378 praesentium
1485 3293 1587 3359 indul-

369 3434 504 3499 gemus,
523 3421 563 3478 ac'
584 3409 755 3478 licentiam
771 3419 806 3475 et
819 3409 960 3475 liberam
977 3409 1198 3476 concedimus
1215 3409 1427 3480 facultatem.

437 3527 609 3613 Quocirca
625 3526 669 3592 N.
693 3537 728 3590 et
749 3525 793 3591 N.
820 3535 993 3592 eteorum
1018 3523 1169 3606 cuilibet,
1195 3525 1323 3592 eisdem
1347 3525 1547 3592 auctoritate
1560 3535 1590 3590 et

371 3645 537 3710 mandato·
548 3641 793 3708 committimus
809 3650 843 3706 et
860 3640 1076 3722 mandamus,
1094 3651 1267 3728 quatenus
1288 3640 1350 3706 tibi
1370 3651 1405 3710 et
1425 3641 1516 3706 socio
1535 3651 1590 3704 tuo

370 3760 526 3847 predicto
541 3778 601 3843 per
618 3769 651 3824 te
668 3758 774 3824 semel
790 3755 941 3841 eligendi
957 3752 1029 3844 [sic]
1050 3755 1083 3821 in
1102 3750 1275 3840 premissis
1291 3779 1352 3842 per
1367 3779 1406 3824 se
1420 3758 1474 3825 vel
1497 3755 1589 3822 alium

371 3897 432 3943 seu
449 3873 535 3940 alios
551 3873 699 3941 efficacis
721 3870 931 3940 defensionis
955 3870 1102 3956 presidio
1126 3870 1336 3953 assistentes,
1362 3873 1488 3940 faciant
1511 3885 1541 3964 te
1562 3881 1592 3937 et

370 4012 450 4058 eum
466 3989 604 4056 licentia
619 4001 654 4055 et
670 3989 833 4055 facultate
844 4009 885 4054 ac
901 3986 976 4053 aliis
992 3985 1164 4073 premissis
1179 3986 1321 4073 pacifice
1337 3987 1406 4054 frui
1420 4001 1455 4056 et
1470 3989 1593 4076 gaude·

371 4128 421 4188 re;
440 4127 509 4172 non
526 4105 762 4191 permittentes
779 4113 864 4171 teet
884 4123 963 4169 eum
988 4123 1049 4188 per
1070 4102 1153 4168 dicti
1176 4102 1306 4170 ordinis
1327 4102 1520 4190 superiores
1540 4115 1596 4168 aut

370 4222 454 4290 alios
470 4233 537 4288 etc.
556 4219 742 4287 molestari:
762 4217 1029 4285 contradictores
1044 4229 1110 4284 etc.
1131 4215 1293 4284 inuocato
1307 4230 1375 4285 etc.

438 4340 517 4405 Non
532 4335 748 4403 obstantibus
768 4333 964 4420 apostolicis
987 4353 1027 4399 ac
1051 4332 1086 4399 in
1110 4333 1380 4418 prouincialibus
1400 4347 1437 4401 et
1456 4335 1595 4421 synoda-

310 4492 314 4499 ·
370 4454 462 4521 libus
478 4451 633 4519 conciliis
649 4450 750 4518 editis
766 4451 986 4536 generalibus
1007 4450 1062 4515 vel
1076 4448 1282 4535 specialibus
1301 4448 1599 4518 constitutionibus

370 4581 405 4639 et
421 4568 705 4645 ordinationibus,
724 4565 874 4651 dictique
891 4566 1030 4646 ordiniS,
1049 4564 1150 4633 etiam
1163 4566 1360 4652 juramento
1376 4577 1445 4634 etc.
1464 4570 1598 4635 robora·

371 4685 427 4769 tis,
451 4684 589 4751 statutis
609 4695 645 4752 et
671 4681 992 4762 consuetudinibus
1021 4679 1209 4768 priuilegiis
1234 4701 1384 4766 quoque,
1409 4681 1550 4750 indultis
1564 4703 1600 4748 ac
