3500 5367
397 435 452 494 70²
648 475 651 481 .
777 426 985 482 Mouuuuurt
1006 425 1185 484 leuantur

362 575 602 656 lusitanorum,
620 577 679 662 qui
694 576 840 646 alicuius
854 589 953 645 erant
971 577 1130 648 nominis:
1151 583 1190 648 P.
1216 577 1382 646 Ludouici
1403 578 1564 654 Consaluii,

362 691 494 758 Vrbani
515 694 540 772 ³,
560 691 684 760 Leonis
700 692 868 775 Henricii,
888 691 1031 762 Antonii
1052 693 1209 780 Quadrii,
1230 703 1266 762 et
1285 706 1478 762 sanctorum
1497 713 1567 758 mar-

362 816 477 892 tyrum
493 807 658 874 Consalui
676 808 853 894 Sylueriae
872 820 907 878 et
924 807 1048 896 Ignatii
1076 809 1253 888 Azebedii,
1272 821 1308 877 et
1331 809 1470 876 aliorum
1485 808 1569 874 huius

364 931 466 988 notae
481 920 647 988 omnium.
677 923 812 991 Deinde
836 923 993 992 nituntur
1014 924 1196 992 autoritate
1217 924 1309 1012 regis
1329 923 1436 1010 ipsius
1450 923 1569 1012 Joannis

362 1037 467 1120 tertii,
496 1051 531 1105 et
552 1039 695 1106 Henrici
722 1041 916 1124 cardinalis,
946 1051 981 1108 et
1004 1041 1218 1109 visitatorum
1247 1043 1389 1108 Patrum
1418 1038 1571 1106 Michaelis

365 1152 537 1236 Turriani,
571 1155 715 1235 Natalis,
750 1155 914 1244 Borgiae3
944 1169 979 1225 et
1011 1178 1227 1224 romanorum
1256 1159 1397 1225 Patrum
1426 1154 1525 1223 Lainii
1546 1167 1572 1220 et
1647 1161 1648 1164 ’

363 1268 472 1356 ipsius
489 1272 529 1337 B.
550 1274 589 1337 P.
608 1271 746 1357 Ignatii.
771 1275 951 1340 Postremo
972 1272 1131 1340 nituntur
1151 1255 1335 1340 autoritate
1359 1274 1494 1339 Patrum
1508 1292 1571 1356 gra·

365 1385 585 1452 uissimorum
606 1397 764 1472 quatuor,
789 1387 847 1476 qui
875 1389 978 1456 iurati
999 1388 1203 1459 sententiam
1224 1391 1345 1457 tulere.
1372 1387 1459 1474 Quis
1477 1399 1571 1453 autem

364 1500 457 1567 dicat
475 1503 559 1568 tales
577 1505 698 1572 Patres
719 1504 870 1573 uoluisse
898 1504 1034 1574 mentiri
1055 1505 1090 1571 in
1117 1503 1265 1572 animam
1293 1506 1407 1571 suam?
1422 1514 1457 1569 et
1475 1515 1572 1568 contra

366 1615 602 1684 'usiurandum
620 1617 787 1688 iudicare?
802 1621 858 1688 uel
875 1620 910 1687 in
923 1621 982 1688 tali
998 1642 1104 1688 causa
1119 1621 1373 1706 cognoscenda,
1387 1639 1463 1685 cum
1478 1627 1573 1684 essem

365 1733 570 1802 sententiam
587 1736 653 1801 sub
668 1734 860 1803 iuramento
875 1736 990 1817 laturi,
1008 1759 1078 1804 non
1091 1735 1287 1803 adhibuisse
1299 1756 1434 1803 omnem
1445 1731 1573 1820 diligen-

366 1847 465 1915 tiam?
480 1825 576 1915 Cum‘
586 1848 691 1936 igitur
707 1849 793 1917 nihil
809 1852 843 1917 in
861 1864 933 1920 tota
950 1851 1104 1920 Historia
1119 1852 1164 1920 sit
1180 1863 1249 1918 tam
1266 1850 1443 1938 multiplici
1456 1861 1572 1934 tamque

367 1975 486 2032 sancta
510 1967 694 2035 autoritate
713 1967 844 2055 nixum,
863 1968 892 2035 si
913 1968 948 2035 id
969 1980 1152 2036 reuocatur
1172 1969 1205 2033 in
1227 1966 1384 2047 dubium,
1407 1977 1440 2034 et
1462 1963 1574 2051 opinio

366 2103 429 2148 nes
445 2083 670 2167 quorumdam
690 2105 812 2152 senum
828 2086 926 2170 (quos
948 2085 1131 2151 admodum
1152 2104 1277 2169 pueros
1296 2103 1436 2150 necesse
1455 2091 1504 2150 est
1517 2101 1572 2146 rem

367 2198 582 2282 cognouisse,
601 2208 637 2266 et
651 2201 762 2266 solum
777 2200 973 2268 extrinseca
984 2201 1152 2286 quaedam
1167 2199 1386 2287 cognouisse,
1402 2220 1469 2264 non
1480 2207 1573 2262 autem
1669 2223 1670 2228 ¹

368 2310 488 2379 intima
508 2312 556 2379 rei
577 2326 787 2399 penetrasse,
811 2328 845 2383 et
866 2337 1012 2402 quorum
1039 2315 1201 2384 memoria
1226 2333 1294 2382 tarn
1315 2317 1423 2401 longo
1444 2324 1574 2398 ternpore

367 2428 481 2513 potuit
501 2430 628 2496 sensim
648 2431 783 2515 mutari)
804 2431 940 2517 scriptis
962 2432 1182 2519 proferuntur
1201 2430 1368 2499 confectis
1391 2430 1425 2496 in
1446 2452 1480 2498 re
1495 2447 1574 2514 prae-

368 2544 470 2624 senti,
489 2555 523 2612 et
544 2566 633 2629 quae
653 2547 781 2614 nullam
809 2569 911 2632 passa
937 2556 1019 2614 sunt
1039 2547 1278 2627 mutationem,
1307 2557 1401 2615 certe
1421 2544 1503 2631 perit
1518 2553 1575 2607 tota

367 2671 504 2727 nostrae
520 2661 695 2728 Historiae
711 2662 808 2744 lides3
827 2661 896 2728 imo
918 2662 1048 2732 tollitur
1069 2662 1209 2730 omnino
1229 2673 1303 2728 tota
1330 2663 1416 2729 fides
1436 2664 1572 2727 humana.

366 2775 504 2860 Quibus
519 2776 610 2843 enim
627 2778 818 2858 credamne,
834 2778 862 2844 si
881 2777 1006 2845 talibus
1023 2777 1226 2846 testimoniis
1241 2800 1310 2845 non
1324 2777 1511 2846 credamus?
1524 2775 1574 2840 At-

368 2914 435 2977 que
451 2895 536 2960 haec
559 2913 644 2980 rogo
661 2895 743 2960 R.⁸¹¹¹
770 2896 855 2962 V.⁸¹¹
871 2905 910 2960 ut
937 2893 1020 2960 satis
1046 2896 1172 2964 habeat
1199 2915 1261 2979 pro
1280 2892 1389 2980 primo
1416 2891 1528 2978 capite;
1543 2908 1576 2952 ne

368 3029 474 3093 cogar
489 3009 603 3096 aliqua
619 3021 795 3095 praeterea
810 3031 932 3078 eruere
955 3033 997 3078 ex
1018 3008 1222 3097 sepulchris,
1245 3031 1333 3094 quae
1356 3011 1441 3075 bene
1459 3016 1576 3074 estnon

368 3145 521 3193 mouere.
542 3127 631 3192 Raro
647 3124 738 3191 enim
755 3126 924 3194 cadauera
940 3127 1029 3196 bene
1045 3127 1148 3194 olent.

435 3242 539 3325 Quod
555 3240 703 3326 pertinet
719 3241 762 3306 ad
779 3253 837 3306 23¹²
853 3251 969 3326 caput,
988 3239 1121 3310 etiamsi
1139 3262 1221 3307 uera
1237 3240 1376 3320 fuerint,
1395 3261 1460 3305 non
1482 3251 1575 3304 tanen

297 3413 302 3422 .
369 3355 474 3422 fuisse
490 3357 677 3442 uulganda.
699 3358 914 3443 Respondeo.
933 3355 969 3426 si
987 3378 1028 3425 ea
1044 3377 1125 3426 vera
1147 3355 1284 3436 fuerint,
1303 3377 1372 3421 non
1392 3353 1522 3421 licuisse
1535 3348 1577 3414 li-

369 3469 506 3550 storicO,
524 3473 620 3538 salua
635 3473 715 3558 lege
730 3471 916 3553 Historiae,
935 3483 1039 3556 atque
1055 3470 1156 3540 etiam
1174 3471 1270 3538 salua
1281 3470 1499 3546 conscientia,
1513 3464 1576 3533 reti-

367 3608 456 3655 cere.
476 3587 547 3672 Qui
563 3587 660 3653 aliter
675 3587 791 3667 sentit,
807 3586 959 3653 abundet
971 3587 1010 3676 in
1027 3608 1132 3655 sensu
1148 3607 1224 3654 suo:
1244 3607 1311 3674 ego
1327 3585 1462 3671 quidem
1475 3585 1518 3650 ita
1529 3584 1579 3646 hoc

367 3702 491 3782 sentio,
511 3715 549 3767 ut
565 3701 663 3770 aliter
678 3703 805 3770 sentire
832 3724 902 3769 non
931 3703 1073 3788 possim.
1108 3702 1207 3770 Ratio
1234 3713 1287 3769 est
1313 3706 1412 3770 baec.
1442 3701 1527 3788 Quia
1546 3698 1578 3761 de

369 3818 518 3887 essentia
536 3819 708 3886 Historiae
724 3829 777 3886 est
793 3840 932 3887 narrare
948 3840 1003 3885 res
1017 3817 1184 3905 insignes,
1203 3819 1278 3886 siue
1294 3819 1414 3898 bonaS,
1437 3815 1507 3883 siue
1521 3833 1578 3879 na·

367 3936 430 4013 laS,
454 3956 541 4020 quae
569 3935 741 4022 pertinent
768 3936 812 4001 ad
839 3945 968 4000 statum
991 3933 1195 4020 reipublicae
1216 3935 1472 4034 declarandum,
1501 3943 1532 3998 et
1549 3926 1581 3992 ad

367 4072 488 4118 uerum
505 4050 682 4132 iudicium,
700 4051 821 4116 saltem
833 4049 1038 4136 generatim,
1053 4051 1097 4117 de
1110 4049 1249 4117 homine
1261 4050 1376 4134 aliquo
1393 4047 1578 4117 faciendum·

366 4165 396 4232 si
413 4166 486 4233 uita
502 4149 576 4232 eius
597 4166 777 4233 scribatur.
796 4167 885 4233 Cum
907 4185 993 4232 uero
1014 4165 1091 4230 talis
1112 4164 1156 4230 sit
1176 4163 1324 4231 essentia
1344 4175 1380 4231 et
1400 4177 1517 4230 natura
1533 4157 1583 4226 lli·

367 4281 504 4362 storiae,
522 4281 551 4348 si
568 4282 646 4367 quis
664 4283 822 4368 uulgaret
838 4279 1038 4361 Historiam,
1057 4280 1131 4346 sola
1151 4280 1319 4347 narrando
1336 4281 1438 4360 bona,
1457 4279 1485 4345 is
1502 4276 1584 4344 uellet

366 4397 525 4483 decipere
545 4419 665 4465 omnes
685 4397 853 4465 homines.
881 4398 930 4462 Eo
952 4393 1042 4463 enim
1060 4396 1147 4482 ips0,
1171 4396 1263 4500 quod
1286 4393 1429 4482 suscipit
1451 4393 1583 4460 scriben-

421 4651 432 4682 ³
469 4648 584 4705 Urbani
598 4647 782 4704 Fernandez.
