3500 5367
447 496 863 556 Procassnsuzmmmus
882 513 1011 557 coum
1030 469 1190 556 Ionnrruu
1343 502 1398 580 ⁵9³

195 643 689 736 niendum,oastigandum.et
703 651 945 738 corrigendum
962 652 1006 721 de
1019 651 1094 720 suis
1106 651 1306 723 criminibus
1319 664 1354 724 et
1369 679 1432 725 ex-

195 762 354 829 cessibus
369 764 516 850 pressato
531 764 671 867 domino
685 765 883 848 correctori,
898 779 1062 852 tanquam
1073 768 1195 853 judici,
1214 769 1346 845 tatione
1361 772 1430 839 cri-

194 877 311 961 minis,
336 879 608 966 jurisdictionem
636 882 841 950 ordinariam
864 883 1017 952 habenti.
1048 882 1146 951 Alias
1168 896 1300 967 autem,
1318 886 1430 973 ‚si-per

193 1005 347 1071 vestram
355 994 629 1067 {dominationem
644 1019 745 1066 secus
763 998 865 1065 suerit
881 1010 1010 1079 actum,
1024 1011 1234 1085 protestatur
1245 1003 1430 1088 pressattus

193 1122 398 1195 procurator
412 1112 456 1182 de
471 1111 562 1180 vicio
577 1112 755 1195 nullitatis,
773 1135 814 1180 ac
830 1113 933 1182 etiam
949 1114 993 1183 de
1009 1114 1210 1201 grauamine
1225 1128 1249 1200 ¹,
1266 1164 1270 1193 ,

262 1263 1191 1291 ----------------
1221 1270 1266 1283 -
1287 1233 1428 1321 uillegio

192 1378 897 1411 -------------
912 1370 994 1433 p-
1010 1385 1054 1397 -
1069 1382 1114 1397 ·-·
1129 1348 1272 1420 sseritur
1287 1372 1429 1431 emana-

195 1468 269 1543 tum
285 1481 365 1528 εν-
380 1498 425 1509 -
441 1497 485 1511 -
502 1498 546 1513 --
561 1478 605 1513 ³-
622 1462 757 1531 ffundet
773 1462 895 1548 spiritu
908 1500 1427 1517 —————————

190 1573 461 1643 dominationem
477 1576 561 1656 alias
578 1588 731 1663 tempore
747 1600 816 1663 quo
833 1578 1058 1646 fuitvicarius
1072 1580 1256 1665 generallis
1272 1582 1427 1666 predicte

191 1690 340 1760 diocesis
356 1692 622 1779 pampilonensis
639 1693 703 1759 fuit
720 1694 810 1761 facta
825 1730 1169 1747 ------
1183 1697 1333 1782 quedam
1348 1700 1424 1779 lex,

191 1806 394 1875 constitutio
409 1808 484 1877 siue
499 1807 680 1888 statutum,
699 1831 766 1894 que
779 1809 918 1895 quidem
937 1809 1141 1878 constitutio
1162 1811 1237 1877 siue
1253 1812 1308 1877 lex
1329 1824 1425 1898 post-

190 1920 414 1992 modum'fuit
428 1921 640 2014 a[pproba]ta
668 1938 690 2005 ⁸,
719 1926 933 1994 eonffirmata
947 1937 983 1993 et
1004 1926 1216 1994 auctorizata
1243 1950 1304 2013 per
1324 1950 1425 1997 reue-

189 2042 318 2109 rendos
333 2041 492 2109 dominos
512 2042 608 2109 allios
624 2042 770 2109 vicarios
786 2042 990 2129 generalles,
1013 2043 1145 2114 scilicet
1166 2066 1227 2129 per
1247 2042 1423 2111 dominum

183 2157 380 2243 Johannem
396 2158 439 2226 de
456 2158 634 2225 Monterde
655 2168 690 2223 et
707 2179 767 2243 per
782 2156 960 2252 dominum
981 2160 1122 2225 Petrum
1139 2159 1182 2225 de
1198 2136 1424 2244 Aguillarffit

188 2274 326 2339 demum
345 2292 407 2358 per
421 2272 597 2339 dominum
613 2274 808 2361 Johannem
830 2272 988 2340 Paullum
1015 2272 1233 2360 [Oliluerium
1250 2281 1270 2354 2,
1287 2275 1423 2371 moder-

189 2514 292 2570 uatur
308 2502 523 2587 inconcusse,
542 2526 610 2591 qua
630 2503 794 2593 ca[vetur]
813 2517 827 2543 ¹¹
842 2516 877 2571 et
893 2504 1089 2572 continetur
1104 2524 1208 2598 super
1224 2504 1423 2573 excessibus

187 2617 441 2687 et'criminibus
457 2642 589 2701 eorum,
608 2620 667 2705 qui
693 2620 813 2687 dicunt
829 2642 885 2689 sse
900 2641 977 2687 esse
997 2619 1140 2688 clericos
1161 2619 1246 2703 quid
1265 2620 1422 2685 sit--

186 2754 234 2785 -·
247 2770 293 2785 -
307 2768 351 2787 -·-
364 2746 399 2804 et
414 2734 540 2801 dicitur
558 2736 591 2802 in
606 2747 659 2818 ea,
678 2737 773 2821 quod
793 2757 914 2803 omnes
934 2733 1048 2801 clerici
1069 2734 1252 2815 tonsurati,
1276 2758 1346 2801 non
1357 2738 1421 2803 be-

185 2849 350 2932 neficiati,
367 2850 442 2917 siue
457 2851 635 2937 conjugati
651 2840 725 2919 siue
742 2874 812 2918 non
827 2850 1004 2937 conjugati
1020 2850 1181 2930 existant,
1204 2850 1263 2935 qui
1285 2852 1420 2918 vollue-

185 2966 255 3032 rint
271 2966 424 3053 gaudere
439 2965 634 3053 priuillegio
648 2966 821 3046 clericalli,
851 2966 944 3051 quod
965 2968 1116 3033 habeant
1143 2986 1199 3033 sse
1220 2974 1419 3051 presentare

184 3082 277 3148 intra
291 3082 394 3149 XXX
409 3081 483 3149 dies
498 3103 578 3148 cum
590 3082 712 3149 litteris
728 3082 888 3148 ordinum
909 3103 1049 3149 suorum
1072 3102 1188 3148 coram
1209 3081 1351 3149 domino
1364 3083 1417 3147 vi-

184 3195 280 3265 cario
305 3197 483 3284 generalli,
501 3208 537 3267 et
558 3197 684 3265 faciant
705 3197 809 3264 scribi
829 3197 971 3264 nomina
997 3219 1118 3264 eorum
1134 3196 1169 3262 in
1186 3197 1274 3282 libro
1298 3197 1417 3265 matri·
1520 3183 1523 3189 ¹

174 3314 282 3393 culle,
299 3324 336 3381 et
362 3314 635 3383 matricullentur
662 3314 697 3380 in
714 3314 802 3381 libro
821 3313 905 3380 dicti
925 3312 1054 3380 domini
1071 3313 1224 3399 episcopi
1245 3313 1416 3399 pampilo-

175 3428 295 3496 nensis
310 3438 345 3495 et
361 3428 436 3497 eius
452 3430 638 3509 secretarii3
657 3442 693 3499 et
708 3442 890 3516 postquam
907 3428 1034 3498 fuerint
1049 3427 1280 3511 matricullati,
1298 3451 1413 3497 secre-

177 3544 297 3620 tarius,
318 3544 377 3629 qui
393 3568 455 3633 pro
472 3555 626 3633 tempore
647 3545 762 3627 fuerit,
785 3544 914 3611 scribat
935 3544 970 3611 iu
987 3545 1108 3613 dorsso
1130 3544 1299 3612 dictarum
1315 3544 1414 3613 litte-

172 3682 291 3727 rarum
319 3662 518 3730 eorumdem
547 3661 750 3728 clericorum
778 3662 928 3740 ordines,
958 3672 994 3727 et
1014 3659 1117 3729 faciat
1146 3660 1357 3748 rellationem
1376 3662 1411 3726 in

175 3776 334 3862 predicto
350 3777 471 3845 dorsso
497 3776 669 3863 qualliter,
691 3789 728 3845 et
750 3778 922 3862 quomodo
948 3776 1031 3859 sint,
1055 3786 1090 3845 et
1111 3796 1180 3861 quo
1195 3798 1287 3844 anno
1304 3788 1339 3844 et
1354 3776 1411 3845 die

174 3903 259 3960 sunt
274 3891 505 3974 matricullati,
523 3903 694 3962 eteorum
709 3892 849 3961 nomina
865 3892 994 3979 scripta
1009 3891 1046 3958 in
1061 3891 1149 3959 libro
1160 3891 1362 3972 matn'culle,
1377 3902 1413 3961 et

175 4008 212 4074 in
229 4007 288 4074 tali
303 4020 320 4047 V
334 4006 428 4075 sollio
444 4007 597 4076 eiusdem
613 4007 704 4090 libri,
724 4020 761 4076 ut
777 4008 966 4076 euitaretur
987 4011 1082 4075 fraus
1097 4018 1133 4075 et
1152 4006 1299 4075 mallicia
1321 4008 1410 4071 mul-

176 4136 305 4207 torum,
323 4123 423 4195 etsie
440 4137 581 4211 apparet
596 4125 631 4191 in
647 4126 762 4219 specie
777 4138 793 4173 Χ
807 4127 852 4194 da
867 4144 1012 4192 numero
1029 4123 1113 4191 tottii
1137 4121 1173 4195 in
1189 4143 1259 4207 quo
1281 4143 1411 4191 nomen

175 4240 267 4307 tallis
278 4240 393 4309 clerici
408 4240 574 4329 scripturn
591 4254 655 4311 est.
675 4243 719 4307 Et
734 4241 852 4308 subdit
867 4242 986 4309 eadem
1004 4238 1218 4321 constitutio,
1234 4238 1328 4322 quod
1345 4238 1411 4304 tal-

174 4353 226 4424 l&
239 4355 355 4425 cleriei
372 4366 511 4443 portent
527 4368 562 4423 et
577 4358 748 4424 desserant
764 4360 942 4423 tonsuram
963 4367 1000 4425 et
1020 4366 1135 4429 vestes
1155 4353 1357 4433 clericales,
1374 4365 1410 4420 et

173 4492 230 4539 sse
246 4483 372 4564 gerant
380 4494 446 4565 ,pro
462 4471 596 4541 clericis
612 4472 647 4539 in
660 4472 816 4542 vestibus
832 4486 867 4541 et
884 4483 1025 4539 tonsura
1041 4470 1153 4538 ordini
1169 4468 1331 4538 clericalli
1346 4469 1409 4533 de-

226 4649 238 4677 r
276 4632 421 4705 Sequitur
441 4638 555 4707 quarta
567 4632 699 4706 pagina.
739 4647 784 4673 —t
803 4632 922 4687 Attrita
944 4636 987 4690 arr
1006 4632 1129 4688 charta.
1168 4640 1214 4673 -t
1230 4594 1349 4685 Attrita
1366 4632 1409 4684 est

170 4725 289 4781 charta.
328 4738 379 4767 -υ
398 4723 706 4779 Attritaestctarta.
747 4737 799 4765 -v
818 4720 968 4789 talliam.
1007 4735 1058 4763 -κ
1076 4737 1140 4792 spe.
1154 4736 1211 4777 mc.

308 4819 414 4865 Morou.
431 4818 644 4865 Iouna-Staret
659 4818 704 4873 lv,
720 4829 780 4863 rou.
796 4816 818 4862 1.
1244 4816 1273 4860 ω
