3500 5367
409 389 464 459 49⁶
787 390 997 446 Mortuerum
1015 387 1196 445 leuamen

371 539 408 607 in
424 542 495 609 suis
511 542 643 609 animos
662 544 706 610 ad
726 563 781 609 res
801 554 943 611 strenue
957 562 1019 628 pro
1039 540 1105 611 Dei
1124 540 1235 627 gloria
1254 553 1290 609 et
1309 542 1481 613 Societatis
1494 542 1562 611 bono

372 658 597 745 peragendas.
621 658 780 743 Denique
800 656 887 723 nihil
910 656 1089 723 omittebat
1108 677 1240 737 eorum,
1258 656 1385 743 quibus
1403 670 1502 746 posset
1515 662 1561 729 do·

371 771 533 841 mesticos
547 772 674 841 hilares
691 774 834 840 reddere
854 793 895 839 ac
914 778 1133 854 conseruare,
1155 784 1192 843 et
1211 775 1255 839 ad
1275 773 1423 843 maxima
1439 798 1562 862 quaeque

283 912 284 915 ¹
369 910 434 975 pro
454 890 531 957 Deo
551 888 714 973 obsequia
735 888 896 956 excitare.
918 890 1034 974 Quam
1062 886 1165 955 etiam
1191 890 1237 957 ob
1258 910 1410 973 causam,
1431 904 1560 977 quantam

369 1013 515 1092 poterat,
534 1026 604 1071 non
620 1026 681 1091 per
696 1026 746 1086 se,
764 1006 825 1071 sed
841 1024 903 1091 per
917 1004 1016 1085 alioS,
1032 1026 1074 1072 ea
1092 1002 1223 1091 imponi
1243 1006 1388 1073 curabat
1406 1007 1479 1087 suis,
1495 1029 1563 1093 quae

367 1118 418 1187 eis
433 1119 583 1205 aliquam
600 1119 712 1187 iustae
728 1118 885 1187 tristitiae
901 1140 1040 1187 causam
1055 1119 1202 1187 allatura
1217 1119 1433 1204 uidebantur,
1451 1135 1481 1192 et
1496 1144 1563 1208 quae

369 1235 480 1323 magis
495 1234 695 1305 afflixissent
711 1258 782 1317 eos,
801 1236 830 1303 si
846 1246 1010 1323 putarent
1030 1258 1072 1305 ea
1093 1259 1114 1303 a
1133 1247 1254 1303 sancto
1275 1240 1378 1307 Patre
1398 1237 1516 1306 conscio
1531 1258 1562 1304 ac

369 1350 510 1421 iubente
541 1350 605 1419 sibi
632 1350 787 1419 iniuncta
814 1351 934 1422 fuisse.
962 1354 1013 1418 Ita
1039 1364 1233 1421 maternum
1259 1352 1370 1419 sancti
1398 1353 1495 1422 Patris
1517 1375 1562 1420 cor

219 1458 229 1479 ⁶
367 1488 504 1536 omnem
520 1468 704 1535 amonebat
719 1490 740 1533 a
755 1488 805 1548 se,
829 1489 898 1535 non
922 1479 1057 1535 tantum
1078 1478 1209 1549 actum,
1230 1468 1292 1536 sed
1311 1470 1461 1537 umbram
1478 1469 1560 1555 ipsam

275 1492 313 1685 s
367 1580 557 1650 novercalis
573 1582 689 1649 animi.
709 1585 808 1669 Quae
824 1604 928 1651 causa
949 1583 1027 1664 luit,
1052 1596 1091 1650 ut
1110 1605 1189 1651 cum
1209 1596 1287 1671 post
1309 1584 1443 1672 collegii
1459 1583 1560 1651 romani

366 1697 525 1785 regimini
538 1700 729 1785 praefectos
745 1699 918 1767 uiscerum
933 1710 1165 1769 maternorum
1181 1700 1428 1771 iucunditatem
1438 1714 1452 1741 '
1465 1700 1560 1768 uioens

363 1834 406 1883 ea
432 1813 628 1881 conditione
651 1836 772 1901 regere
800 1813 899 1883 iussit
926 1836 1104 1883 romanum
1132 1814 1329 1903 collegium,
1358 1840 1406 1887 ne
1429 1814 1559 1903 quamdiu

366 1929 500 1999 uiueret
525 1931 569 1997 ab
596 1928 670 1998 eius
699 1930 865 2017 regimine
891 1940 1143 2011 remoueretur,
1172 1941 1268 1998 ratus
1294 1953 1333 1999 se
1358 1942 1488 2000 mortuo
1508 1952 1559 1997 non

364 2045 464 2111 facile
479 2045 658 2112 inuentum
675 2044 716 2112 iri
732 2045 849 2127 alium,
868 2045 927 2132 qui
943 2045 1019 2113 eius
1034 2045 1235 2114 charitatem
1251 2058 1425 2132 aequaret.

431 2161 614 2230 Eminebat
629 2160 731 2228 etiam
747 2161 782 2229 in
799 2164 864 2229 hac
880 2184 918 2231 re
934 2165 975 2230 B.
995 2161 1108 2229 Patris
1123 2183 1208 2249 erga
1223 2184 1305 2230 suos
1319 2164 1474 2245 charitas,
1488 2160 1559 2247 quod

363 2298 484 2344 omnes
510 2278 653 2343 Romam
675 2276 867 2361 venientes,
896 2286 933 2347 et
959 2276 1085 2344 iterum
1110 2276 1192 2345 inde
1217 2276 1443 2361 discedentes,
1467 2296 1558 2345 secum

339 2425 341 2431 .
363 2391 532 2477 prandere
546 2391 691 2472 iuberet,
715 2413 841 2479 magna
861 2414 922 2460 eos
934 2372 1116 2478 ’excipiens
1134 2392 1396 2462 benevolentiae
1415 2392 1557 2481 signitica-

362 2506 466 2575 tione.
498 2506 733 2595 Contingebat
760 2518 873 2575 autem
900 2530 970 2574 non
998 2530 1075 2575 raro
1095 2520 1134 2575 ut
1154 2507 1290 2595 aliquis,
1311 2509 1450 2596 negotio
1469 2508 1559 2592 aliquo

361 2622 556 2711 impeditus
575 2626 639 2691 sub
656 2622 765 2709 ipsum
781 2623 916 2710 prandii
931 2624 1035 2691 finem
1051 2635 1268 2692 comesturus
1283 2646 1362 2693 cum
1376 2628 1471 2693 Patre
1480 2643 1556 2691 aoce-

360 2741 468 2820 deret,
487 2740 625 2825 quando
640 2739 670 2806 is
686 2738 770 2805 nihil
786 2738 878 2807 aliud
891 2761 993 2825 quam
1005 2738 1170 2827 exiguum
1182 2738 1282 2825 panis
1297 2740 1414 2808 bolum
1425 2739 1557 2809 habebat

359 2854 416 2921 ille
433 2868 547 2922 tamen
561 2852 660 2922 hilari
677 2854 791 2921 animo
808 2876 929 2923 omnes
945 2853 1060 2922 statim
1079 2853 1194 2923 afferri
1209 2853 1305 2921 cibos
1319 2854 1467 2936 iubebat3
1482 2864 1512 2921 et
1526 2873 1558 2917 ne

359 2970 537 3039 festinaret
548 2972 772 3049 comedendo,
782 2982 842 3037 aut
853 2971 1033 3038 comedere
1044 2970 1138 3037 solus
1149 2972 1380 3053 erubesceret,
1390 2971 1436 3038 ita
1445 2980 1559 3037 sanctus

360 3087 463 3152 Pater
478 3108 579 3153 suum
597 3086 691 3151 illum
710 3084 892 3154 uellicabat
907 3085 1036 3167 bolum,
1054 3097 1090 3153 et
1106 3084 1210 3153 micas
1225 3108 1270 3154 ex
1284 3086 1343 3153 illo
1353 3088 1518 3163 auellebat,
1528 3101 1558 3147 ac

359 3212 525 3287 perpetuo
540 3201 736 3283 mandabat,
754 3201 864 3269 donec
880 3200 968 3267 alter
982 3199 1057 3267 sine
1071 3199 1291 3293 festinatione
1306 3202 1379 3267 ulla
1398 3223 1438 3269 ac
1457 3200 1558 3267 rubore

359 3316 486 3397 omnia,
514 3338 603 3402 quac
624 3302 762 3385 mensae
790 3315 838 3382 illi
866 3315 1022 3403 apposita
1041 3318 1188 3396 fuerant,
1210 3317 1426 3387 comedisset.
1447 3318 1487 3383 Et
1502 3326 1558 3381 tum

357 3433 496 3501 demum
513 3443 654 3501 sanctus
670 3435 773 3501 Pater
789 3453 891 3499 suum
908 3432 1002 3498 illum
1019 3430 1135 3499 bolum
1152 3431 1304 3501 finiebat.

425 3550 514 3615 Cum
542 3548 674 3617 uideret
701 3548 848 3633 aliquem
875 3548 1042 3633 juuenem
1071 3547 1190 3634 sapide
1220 3548 1468 3628 comedentem,
1492 3542 1558 3611 mire

358 3664 575 3733 recreabatur
598 3675 744 3732 sanctus
772 3664 888 3745 Pater,
916 3665 1062 3749 eamque
1089 3662 1134 3730 ob
1160 3685 1298 3732 causam
1325 3665 1505 3731 aduocabat
1524 3658 1558 3723 ad

355 3802 453 3848 suam
481 3802 634 3849 mensam
663 3780 890 3850 Benedictum
917 3779 1104 3861 Palmium,
1125 3778 1364 3866 pinguiculum
1387 3782 1558 3849 adolescen-

355 3907 437 3978 tem,
455 3908 490 3965 et
510 3878 919 3965 comedentem'iucunde
939 3894 1138 3981 aspiciebat,
1156 3904 1193 3963 et
1207 3917 1251 3963 ne
1272 3898 1483 3965 erubesceret
1499 3887 1557 3957 ani·

355 4014 482 4079 mabat.
513 4014 563 4079 Ita
590 4010 625 4078 in
652 4012 746 4079 omni
772 4010 952 4079 occasione
979 4022 1172 4079 maternum
1198 4032 1283 4099 erga
1312 4032 1395 4079 suos
1424 4013 1557 4079 affectum

354 4129 563 4197 declarabat.
591 4130 669 4195 Hoc
690 4148 827 4215 quoque
847 4125 973 4196 amoris
992 4126 1068 4195 eius
1092 4123 1176 4213 er'ga
1195 4125 1404 4195 domesticos
1422 4122 1557 4195 indicium

354 4244 432 4326 fuit,
450 4245 542 4330 quod
558 4264 693 4329 semper
712 4243 827 4311 omnia
843 4245 934 4309 bona
948 4242 1232 4329 interpretaretur
1253 4256 1419 4329 quantum
1438 4246 1557 4330 potent

353 4362 444 4428 vnde
461 4372 579 4427 natum
596 4371 669 4429 erat
685 4359 776 4427 domi
793 4358 1032 4447 prouerbium:
1053 4342 1376 4446 ilnterpretationes
1392 4358 1523 4428 Patrisr.

405 4538 419 4565 v
457 4522 508 4579 Sic
519 4522 553 4577 in
567 4540 622 4577 ms.
637 4522 758 4593 Aliquis
772 4540 873 4577 versus
893 4519 1096 4586 desideratur,
1114 4538 1188 4575 nom
1206 4536 1307 4576 sensus
1323 4520 1444 4594 periodi
1458 4516 1558 4575 relictus

351 4617 395 4667 est
407 4612 613 4685 imperfectus.
