3500 5367
407 470 438 526 S.
459 473 583 528 lona-ru
602 486 797 530 innocuum
817 474 971 531 Venarns
988 488 1202 533 oscuianrun
1331 477 1385 544 ⁶25

186 622 346 709 septimo,
364 624 552 694 indictione
574 627 646 708 X.²,
676 624 733 695 die
752 648 835 697 vero
863 628 1009 708 sabbati,
1039 628 1271 696 tertiadecima
1293 628 1422 697 mensis

187 740 368 827 Octobris,
398 741 620 827 pontificatus
652 754 767 811 autem
791 743 904 813 SSmi.
936 743 970 809 in
998 744 1063 811 X.⁰
1092 744 1203 839 Patris
1230 757 1266 812 et
1292 743 1422 811 domini

185 857 295 926 nostri
311 870 326 898 ⁸
342 857 452 937 Pauli,
471 857 589 926 diuina
605 859 825 946 prouidentia
841 881 949 946 papae
966 861 1068 943 tertii,
1086 882 1177 927 anno
1193 863 1238 927 111
1242 864 1269 927 ,⁰

253 976 338 1054 Nos,
356 975 490 1060 Gaspar
505 974 550 1041 de
565 974 693 1055 Dottis,
711 976 928 1042 decretorum
941 977 1075 1057 doctor,
1090 976 1277 1044 canonicus
1294 978 1420 1043 torcei-

183 1094 310 1170 lanus,
339 1072 624 1177 prothonotarius
653 1090 880 1178 apostolicus,
915 1113 1049 1158 necnon
1083 1092 1358 1185 reverendissimi
1384 1092 1420 1159 in

184 1209 278 1292 Xpo.
298 1203 411 1273 Patris
428 1215 463 1273 et
485 1205 626 1285 domini,
652 1206 780 1272 domini
805 1206 1007 1293 Hieronymi
1031 1208 1171 1287 Veralli,
1189 1208 1277 1274 sacri
1304 1206 1421 1295 palatii

184 1320 364 1407 apostolici
381 1342 563 1388 causarum
583 1320 761 1405 auditoris,
785 1322 897 1391 SSmi.
927 1323 1056 1389 domini
1076 1324 1185 1390 nostri
1201 1324 1339 1401 notarii,
1357 1344 1416 1391 ca-

185 1436 325 1525 pellani,
347 1436 489 1523 praelati
510 1437 701 1519 domestici,
723 1447 759 1505 et
782 1460 842 1524 per
864 1449 973 1507 totum
990 1450 1193 1508 venetorum
1214 1438 1417 1521 dominium,

184 1576 266 1620 cum
282 1563 453 1639 potestate
466 1553 573 1641 legati
589 1554 770 1621 cardinalis
789 1555 834 1622 de
850 1555 968 1635 latere,
990 1554 1111 1642 legati,
1135 1556 1280 1641 eiusque
1300 1555 1419 1641 paiatii

184 1690 369 1737 causamm
384 1668 535 1735 vicarius
551 1667 587 1734 in
604 1669 840 1755 spiritualibus
852 1670 1035 1757 generalis.

253 1786 419 1854 Volentes
435 1796 471 1851 et
486 1784 717 1866 intendentes
740 1786 845 1853 dante
861 1785 1025 1866 Domino,
1038 1786 1200 1855 decidere
1215 1799 1251 1854 et
1270 1787 1341 1853 fine
1355 1788 1418 1855 de·

184 1902 259 1968 bito
276 1900 460 1967 terminare
476 1922 615 1968 eausam
642 1900 887 1985 inquisitionis,
917 1923 960 1969 ex
983 1902 1096 1969 officio
1116 1903 1227 1969 factae
1242 1914 1363 1976 contra
1383 1913 1418 1969 et

127 2057 130 2063 ·
186 2019 356 2084 aduersus
372 2017 544 2101 quendam
560 2015 811 2103 presbyterum,
831 2017 1002 2103 Ignatium
1020 2019 1064 2083 de
1080 2018 1222 2103 Loyola‚
1240 2018 1420 2085 occasione

186 2134 403 2219 quorundam
421 2131 589 2199 dictorum
607 2133 619 2165 ¹
636 2134 807 2229 datorum,
827 2154 866 2199 ao
883 2154 926 2199 ex
942 2134 1055 2201 officio
1072 2133 1324 2219 inquisitorum.

256 2246 341 2317 Visa
357 2248 465 2335 igitur
480 2247 647 2334 imprimis
659 2247 880 2332 inquisitione
892 2260 1020 2329 nostra,
1035 2271 1078 2316 ex
1089 2249 1216 2329 officio,
1230 2262 1268 2315 ut
1280 2250 1417 2331 dicitur,

184 2376 307 2432 contra
322 2364 433 2451 ipsum
453 2364 493 2430 P.
512 2362 684 2451 ignatium
700 2363 801 2430 facta.
821 2362 905 2431 Visa
920 2364 1165 2451 comparitione
1180 2364 1287 2451 ipsius
1304 2387 1419 2434 coram

184 2480 288 2549 nobis
304 2490 338 2549 et
359 2479 472 2546 officio
492 2489 608 2545 nostro
628 2478 832 2546 voluntaria.
860 2479 946 2547 Viso
973 2480 1112 2549 decreto
1132 2491 1251 2547 nostro
1271 2482 1314 2549 de
1330 2482 1418 2548 reci-

184 2594 319 2684 piendis
334 2594 481 2663 testibus
502 2616 605 2681 super
621 2594 817 2681 praemissis
840 2617 902 2681 pro
922 2595 1162 2663 informatione
1178 2596 1306 2662 euriae.
1332 2596 1418 2665 Viso

112 2706 123 2721 ’
184 2712 333 2780 termino
360 2712 440 2777 dato
464 2709 685 2777 vniuersiset
708 2710 856 2797 singuiis
872 2711 1138 2777 contradictum
1170 2714 1209 2777 P.
1240 2711 1411 2797 ignatium

185 2850 372 2915 opponere,
390 2827 504 2895 dicere
520 2836 555 2895 et
570 2828 742 2895 deducere
759 2826 965 2893 volentibus
985 2826 1079 2893 Visis
1094 2825 1109 2866 ¹³
1122 2826 1262 2895 testium
1278 2827 1417 2913 deposi-

185 2943 338 3010 tionibus
354 2936 394 3009 ac
409 2942 510 3009 dictis
525 2964 588 3029 pro
604 2952 700 3028 parte
716 2942 832 3009 curiae
847 2954 1077 3027 receptorum.
1097 2942 1180 3009 Visa
1196 2942 1370 3010 oblatione
1381 2943 1417 3009 in
1485 2932 1489 2937 ⁸

185 3057 314 3125 iudicio
330 3060 419 3126 iacta
434 3040 542 3143 ipsius
559 3062 600 3126 P.
624 3057 759 3145 Ignatii,
779 3079 818 3124 ac
832 3058 1044 3145 obligatione
1060 3058 1153 3125 dese
1166 3060 1418 3143 praesentando

185 3152 313 3242 totiens
328 3173 487 3259 quotiens
502 3184 569 3242 etc.
590 3174 686 3241 Visis
708 3172 967 3241 defensionibus
989 3172 1097 3259 ipsius
1115 3176 1154 3239 P.
1175 3173 1311 3259 ignatii.
1332 3172 1417 3241 Visa

181 3289 346 3356 citatione
360 3310 400 3355 ac
428 3289 575 3357 termino
602 3290 683 3357 dato
711 3289 882 3357 vniuersis
905 3300 940 3355 et
968 3288 1115 3375 singuiis
1142 3289 1415 3356 contradictum

181 3408 223 3471 P.
243 3406 416 3492 ignatium
436 3404 564 3492 aliquid
585 3406 756 3473 deducere
772 3404 982 3484 uolentibus,
1006 3415 1042 3470 et
1063 3404 1227 3471 citatione
1244 3406 1335 3471 facta
1355 3426 1416 3491 pro

180 3524 245 3587 hac
261 3520 317 3588 die
338 3531 373 3590 et
392 3523 476 3587 hora
496 3522 541 3589 ad
561 3521 766 3591 audiendam
790 3520 1009 3602 sententiam,
1032 3532 1067 3587 et
1090 3522 1386 3607 pronunciandam
1403 3532 1416 3561 ⁰

179 3644 346 3703 nostram.
365 3638 419 3704 Ac
439 3635 523 3702 visis
543 3636 705 3702 omnibus
721 3646 757 3704 et
776 3634 924 3722 singulis
943 3634 1114 3714 videndis,
1137 3647 1172 3701 et
1189 3636 1416 3703 consideratis

179 3771 270 3835 quae
286 3750 408 3820 merito
423 3751 674 3820 consideranda
690 3752 842 3831 fuerunt,
866 3749 949 3837 Xpi.
970 3749 1109 3818 nomine
1129 3750 1286 3836 repetito,
1311 3773 1416 3835 aquo

235 3988 249 4017 ²
261 3945 382 4029 Domini
392 3973 486 4029 nostri
495 3972 616 4029 Domini
627 3972 771 4029 Bolland.
805 3974 855 4015 —b
869 3972 941 4027 Visa
951 3988 1007 4031 ms.
1040 3979 1133 4026 -cet
1146 3971 1415 4043 pronuntiationem

181 4062 330 4119 Bollond.

234 4254 245 4285 ⁹
284 4250 332 4306 Ad
353 4268 415 4307 rem
436 4252 620 4323 POLANCUS,
647 4248 772 4318 Chron„
785 4250 809 4317 Ι,
831 4250 875 4319 56:
901 4250 1029 4305 «Passus
1052 4250 1143 4305 etiam
1160 4250 1297 4307 Venetiis
1318 4251 1415 4307 fuerat

178 4339 313 4410 Ignatius
325 4338 588 4396 contradictionem
601 4356 619 4394 a
631 4338 786 4410 daemone,
800 4339 851 4411 qui
869 4337 956 4393 valde
974 4338 1032 4410 ipsi
1051 4346 1082 4393 et
1095 4338 1160 4409 ejus
1177 4339 1328 4395 exercitiis
1345 4341 1415 4412 [spi-

177 4426 347 4500 rituaiibus]
361 4428 486 4485 infestus
500 4438 597 4485 erat...
610 4426 782 4498 Fugitivum
796 4428 892 4499 ipsum
913 4444 980 4507 esse
993 4444 1031 4481 ex
1050 4426 1195 4499 Hispania
1210 4437 1240 4483 et
1258 4428 1355 4484 Gallia
1367 4446 1414 4483 ca-

180 4518 429 4575 lumniabantur.»
443 4519 481 4573 Et
490 4516 712 4585 Oritanorum,
728 4518 754 4587 I,
770 4529 830 4571 120:
846 4516 1019 4588 «Spargitur
1032 4516 1062 4571 in
1078 4516 1186 4587 vulgus
1195 4534 1305 4589 rumor,
1316 4534 1414 4573 errare

179 4624 248 4661 eum
262 4606 434 4679 [Ignatium]
447 4606 603 4679 profugum
617 4614 680 4661 toto
692 4608 765 4661 orbe
779 4614 933 4663 terrarum:
948 4614 1076 4661 statuam
1093 4606 1158 4661 eius
1176 4606 1270 4661 veluti
1284 4606 1413 4676 infamis,

177 4712 214 4751 ac
228 4696 396 4769 pestilentis
409 4696 552 4751 haeretici
565 4696 597 4751 in'
608 4694 770 4767 Hispaniis,
784 4702 815 4750 et
828 4694 934 4750 Gailiis
945 4695 1063 4767 publice
1076 4704 1324 4752 concrematam.»

319 4792 424 4839 Monuit.
441 4791 715 4847 Iousr.-Sm1us1V,
730 4802 790 4837 rou.
808 4792 827 4837 1.
1253 4793 1281 4836 to
