<?xml version="1.0" encoding="UTF-8"?>
<!DOCTYPE html PUBLIC "-//W3C//DTD XHTML 1.0 Transitional//EN"
    "http://www.w3.org/TR/xhtml1/DTD/xhtml1-transitional.dtd">
<html xmlns="http://www.w3.org/1999/xhtml" xml:lang="en" lang="en">
 <head>
  <title>
</title>
<meta http-equiv="Content-Type" content="text/html;charset=utf-8" />
  <meta name='ocr-system' content='tesseract 3.04.00' />
  <meta name='ocr-capabilities' content='ocr_page ocr_carea ocr_par ocr_line ocrx_word'/>
</head>
<body>
  <div class='ocr_page' id='page_1' title='image "./monumentaignati00ignagoog_0567.png"; bbox 0 0 3500 5367; ppageno 0'>
   <div class='ocr_carea' id='block_1_1' title="bbox 436 474 1413 559">
    <p class='ocr_par' dir='ltr' id='par_1_1' title="bbox 436 474 1413 559">
     <span class='ocr_line' id='line_1_1' title="bbox 436 474 1413 559; baseline 0.005 -18"><span class='ocrx_word' id='word_1_1' title='bbox 436 484 624 543; x_wconf 72' lang='lat' dir='ltr'>Coorrrrro</span> <span class='ocrx_word' id='word_1_2' title='bbox 642 485 674 542; x_wconf 91' lang='lat' dir='ltr'>S.</span> <span class='ocrx_word' id='word_1_3' title='bbox 695 486 818 543; x_wconf 73' lang='lat' dir='ltr'>Iounru</span> <span class='ocrx_word' id='word_1_4' title='bbox 837 500 868 543; x_wconf 82' lang='lat' dir='ltr'>ru</span> <span class='ocrx_word' id='word_1_5' title='bbox 887 499 1035 544; x_wconf 72' lang='lat' dir='ltr'>sonam.</span> <span class='ocrx_word' id='word_1_6' title='bbox 1055 486 1170 542; x_wconf 73' lang='lat' dir='ltr'>Suram.</span> <span class='ocrx_word' id='word_1_7' title='bbox 1190 486 1223 542; x_wconf 92' lang='lat' dir='ltr'>S.</span> <span class='ocrx_word' id='word_1_8' title='bbox 1325 474 1328 480; x_wconf 68' lang='grc'>’</span> <span class='ocrx_word' id='word_1_9' title='bbox 1359 498 1413 559; x_wconf 81' lang='lat'>557</span> 
     </span>
    </p>
   </div>
   <div class='ocr_carea' id='block_1_2' title="bbox 168 640 1544 4555">
    <p class='ocr_par' dir='ltr' id='par_1_2' title="bbox 209 640 1544 1878">
     <span class='ocr_line' id='line_1_2' title="bbox 280 640 1449 727; baseline 0.004 -23"><span class='ocrx_word' id='word_1_10' title='bbox 280 640 335 704; x_wconf 83' lang='lat' dir='ltr'>Da</span> <span class='ocrx_word' id='word_1_11' title='bbox 344 640 636 725; x_wconf 75' lang='lat' dir='ltr'><em>participantibus</em></span> <span class='ocrx_word' id='word_1_12' title='bbox 649 642 691 705; x_wconf 82' lang='lat' dir='ltr'>in</span> <span class='ocrx_word' id='word_1_13' title='bbox 707 640 803 707; x_wconf 82' lang='lat' dir='ltr'>bunis</span> <span class='ocrx_word' id='word_1_14' title='bbox 819 661 906 727; x_wconf 83' lang='lat' dir='ltr'>quae</span> <span class='ocrx_word' id='word_1_15' title='bbox 914 641 1012 727; x_wconf 82' lang='lat' dir='ltr'>fiunt</span> <span class='ocrx_word' id='word_1_16' title='bbox 1032 641 1069 706; x_wconf 85' lang='lat' dir='ltr'>in</span> <span class='ocrx_word' id='word_1_17' title='bbox 1090 645 1159 707; x_wconf 82' lang='lat' dir='ltr'>tutu</span> <span class='ocrx_word' id='word_1_18' title='bbox 1178 643 1376 708; x_wconf 76' lang='lat' dir='ltr'>uniuersali</span> <span class='ocrx_word' id='word_1_19' title='bbox 1394 663 1449 709; x_wconf 79' lang='lat' dir='ltr'>uc-</span> 
     </span>
     <span class='ocr_line' id='line_1_3' title="bbox 210 754 1451 844; baseline 0.006 -25"><span class='ocrx_word' id='word_1_20' title='bbox 210 754 317 819; x_wconf 82' lang='lat' dir='ltr'>clusiu</span> <span class='ocrx_word' id='word_1_21' title='bbox 332 755 707 823; x_wconf 67' lang='lat' dir='ltr'>militante-Necnon</span> <span class='ocrx_word' id='word_1_22' title='bbox 722 757 913 823; x_wconf 83' lang='lat' dir='ltr'>confratres</span> <span class='ocrx_word' id='word_1_23' title='bbox 928 758 966 825; x_wconf 92' lang='lat' dir='ltr'>S.</span> <span class='ocrx_word' id='word_1_24' title='bbox 985 756 1146 843; x_wconf 86' lang='lat' dir='ltr'>Spiritus,</span> <span class='ocrx_word' id='word_1_25' title='bbox 1165 756 1225 843; x_wconf 90' lang='lat' dir='ltr'>qui</span> <span class='ocrx_word' id='word_1_26' title='bbox 1240 757 1276 823; x_wconf 91' lang='lat' dir='ltr'>in</span> <span class='ocrx_word' id='word_1_27' title='bbox 1288 757 1401 844; x_wconf 87' lang='lat' dir='ltr'>gratia</span> <span class='ocrx_word' id='word_1_28' title='bbox 1413 769 1451 826; x_wconf 90' lang='lat' dir='ltr'>et</span> 
     </span>
     <span class='ocr_line' id='line_1_4' title="bbox 210 870 1449 956; baseline 0.002 -19"><span class='ocrx_word' id='word_1_29' title='bbox 210 870 382 939; x_wconf 86' lang='lat' dir='ltr'><strong>charitate</strong></span> <span class='ocrx_word' id='word_1_30' title='bbox 418 892 458 938; x_wconf 91' lang='lat' dir='ltr'>ac</span> <span class='ocrx_word' id='word_1_31' title='bbox 494 871 625 939; x_wconf 90' lang='lat' dir='ltr'>vnitate</span> <span class='ocrx_word' id='word_1_32' title='bbox 660 874 809 941; x_wconf 84' lang='lat' dir='ltr'>Sanctae</span> <span class='ocrx_word' id='word_1_33' title='bbox 840 874 1015 940; x_wconf 85' lang='lat' dir='ltr'>Romanae</span> <span class='ocrx_word' id='word_1_34' title='bbox 1051 873 1226 942; x_wconf 84' lang='lat' dir='ltr'>Ecclesiae</span> <span class='ocrx_word' id='word_1_35' title='bbox 1256 871 1449 956; x_wconf 83' lang='lat' dir='ltr'>extiterint,</span> 
     </span>
     <span class='ocr_line' id='line_1_5' title="bbox 212 986 1449 1075; baseline 0.003 -24"><span class='ocrx_word' id='word_1_36' title='bbox 212 987 367 1052; x_wconf 90' lang='lat' dir='ltr'>omnium</span> <span class='ocrx_word' id='word_1_37' title='bbox 381 986 550 1053; x_wconf 88' lang='lat' dir='ltr'>bonorum</span> <span class='ocrx_word' id='word_1_38' title='bbox 560 986 789 1073; x_wconf 86' lang='lat' dir='ltr'>spiritualium</span> <span class='ocrx_word' id='word_1_39' title='bbox 799 998 833 1055; x_wconf 91' lang='lat' dir='ltr'>et</span> <span class='ocrx_word' id='word_1_40' title='bbox 845 988 978 1073; x_wconf 90' lang='lat' dir='ltr'>piorum</span> <span class='ocrx_word' id='word_1_41' title='bbox 987 1009 1131 1074; x_wconf 88' lang='lat' dir='ltr'>operum</span> <span class='ocrx_word' id='word_1_42' title='bbox 1144 1010 1233 1074; x_wconf 90' lang='lat' dir='ltr'>quae</span> <span class='ocrx_word' id='word_1_43' title='bbox 1243 1010 1305 1075; x_wconf 89' lang='lat' dir='ltr'>per</span> <span class='ocrx_word' id='word_1_44' title='bbox 1317 989 1449 1057; x_wconf 86' lang='lat' dir='ltr'>Christi</span> 
     </span>
     <span class='ocr_line' id='line_1_6' title="bbox 209 1084 1544 1191; baseline 0.003 -24"><span class='ocrx_word' id='word_1_45' title='bbox 209 1102 331 1168; x_wconf 90' lang='lat' dir='ltr'>fideles</span> <span class='ocrx_word' id='word_1_46' title='bbox 347 1101 381 1167; x_wconf 92' lang='lat' dir='ltr'>in</span> <span class='ocrx_word' id='word_1_47' title='bbox 394 1102 553 1171; x_wconf 90' lang='lat' dir='ltr'>omnibus</span> <span class='ocrx_word' id='word_1_48' title='bbox 570 1103 796 1191; x_wconf 84' lang='lat' dir='ltr'>religionibus</span> <span class='ocrx_word' id='word_1_49' title='bbox 812 1124 852 1171; x_wconf 92' lang='lat' dir='ltr'>ac</span> <span class='ocrx_word' id='word_1_50' title='bbox 868 1102 1053 1173; x_wconf 89' lang='lat' dir='ltr'>vniuersali</span> <span class='ocrx_word' id='word_1_51' title='bbox 1066 1116 1286 1172; x_wconf 88' lang='lat' dir='ltr'>sacrosancta</span> <span class='ocrx_word' id='word_1_52' title='bbox 1301 1105 1448 1174; x_wconf 88' lang='lat' dir='ltr'>ecclesia</span> <span class='ocrx_word' id='word_1_53' title='bbox 1540 1084 1544 1089; x_wconf 45' lang='grc'><strong><em>’</em></strong></span> 
     </span>
     <span class='ocr_line' id='line_1_7' title="bbox 211 1218 1444 1306; baseline 0.002 -22"><span class='ocrx_word' id='word_1_54' title='bbox 211 1218 382 1288; x_wconf 86' lang='lat' dir='ltr'>militante</span> <span class='ocrx_word' id='word_1_55' title='bbox 393 1218 576 1306; x_wconf 86' lang='lat' dir='ltr'>participes</span> <span class='ocrx_word' id='word_1_56' title='bbox 592 1220 628 1285; x_wconf 92' lang='lat' dir='ltr'>in</span> <span class='ocrx_word' id='word_1_57' title='bbox 638 1231 840 1306; x_wconf 89' lang='lat' dir='ltr'>perpetuum</span> <span class='ocrx_word' id='word_1_58' title='bbox 853 1221 949 1287; x_wconf 90' lang='lat' dir='ltr'>fiant.</span> <span class='ocrx_word' id='word_1_59' title='bbox 965 1220 1084 1287; x_wconf 90' lang='lat' dir='ltr'>Voluit</span> <span class='ocrx_word' id='word_1_60' title='bbox 1095 1230 1212 1289; x_wconf 90' lang='lat' dir='ltr'>autem</span> <span class='ocrx_word' id='word_1_61' title='bbox 1224 1222 1261 1290; x_wconf 88' lang='lat' dir='ltr'>S.</span> <span class='ocrx_word' id='word_1_62' title='bbox 1275 1223 1320 1288; x_wconf 90' lang='lat' dir='ltr'>D.</span> <span class='ocrx_word' id='word_1_63' title='bbox 1336 1222 1381 1288; x_wconf 93' lang='lat' dir='ltr'>N.</span> <span class='ocrx_word' id='word_1_64' title='bbox 1399 1224 1444 1288; x_wconf 93' lang='lat' dir='ltr'>D.</span> 
     </span>
     <span class='ocr_line' id='line_1_8' title="bbox 211 1333 1450 1421; baseline 0.001 -20"><span class='ocrx_word' id='word_1_65' title='bbox 211 1335 375 1401; x_wconf 89' lang='lat' dir='ltr'>Clemens</span> <span class='ocrx_word' id='word_1_66' title='bbox 398 1333 516 1401; x_wconf 92' lang='lat' dir='ltr'>diuina</span> <span class='ocrx_word' id='word_1_67' title='bbox 543 1334 760 1421; x_wconf 88' lang='lat' dir='ltr'>prouidentia</span> <span class='ocrx_word' id='word_1_68' title='bbox 789 1339 884 1421; x_wconf 87' lang='lat' dir='ltr'>Papa</span> <span class='ocrx_word' id='word_1_69' title='bbox 906 1338 967 1403; x_wconf 93' lang='lat' dir='ltr'>Vll</span> <span class='ocrx_word' id='word_1_70' title='bbox 987 1337 1081 1421; x_wconf 89' lang='lat' dir='ltr'>quod</span> <span class='ocrx_word' id='word_1_71' title='bbox 1101 1337 1294 1405; x_wconf 85' lang='lat' dir='ltr'>confratres</span> <span class='ocrx_word' id='word_1_72' title='bbox 1314 1337 1450 1403; x_wconf 89' lang='lat' dir='ltr'>indulto</span> 
     </span>
     <span class='ocr_line' id='line_1_9' title="bbox 211 1449 1452 1539; baseline 0.002 -23"><span class='ocrx_word' id='word_1_73' title='bbox 211 1449 421 1530; x_wconf 86' lang='lat' dir='ltr'>celebrandi,</span> <span class='ocrx_word' id='word_1_74' title='bbox 452 1473 515 1517; x_wconf 91' lang='lat' dir='ltr'>seu</span> <span class='ocrx_word' id='word_1_75' title='bbox 541 1450 707 1519; x_wconf 90' lang='lat' dir='ltr'>celebrari</span> <span class='ocrx_word' id='word_1_76' title='bbox 734 1449 883 1518; x_wconf 89' lang='lat' dir='ltr'>faciendi</span> <span class='ocrx_word' id='word_1_77' title='bbox 910 1451 1101 1519; x_wconf 88' lang='lat' dir='ltr'>antediem</span> <span class='ocrx_word' id='word_1_78' title='bbox 1128 1451 1325 1519; x_wconf 87' lang='lat' dir='ltr'>huiusmodi</span> <span class='ocrx_word' id='word_1_79' title='bbox 1346 1473 1452 1539; x_wconf 89' lang='lat' dir='ltr'>parce</span> 
     </span>
     <span class='ocr_line' id='line_1_10' title="bbox 210 1565 1481 1661; baseline 0.004 -32"><span class='ocrx_word' id='word_1_80' title='bbox 210 1576 366 1645; x_wconf 80' lang='lat' dir='ltr'>utantur,</span> <span class='ocrx_word' id='word_1_81' title='bbox 384 1565 465 1651; x_wconf 89' lang='lat' dir='ltr'>quia</span> <span class='ocrx_word' id='word_1_82' title='bbox 481 1587 561 1633; x_wconf 90' lang='lat' dir='ltr'>cum</span> <span class='ocrx_word' id='word_1_83' title='bbox 578 1565 613 1631; x_wconf 88' lang='lat' dir='ltr'>iu</span> <span class='ocrx_word' id='word_1_84' title='bbox 634 1566 750 1633; x_wconf 89' lang='lat' dir='ltr'>altaris</span> <span class='ocrx_word' id='word_1_85' title='bbox 770 1566 960 1635; x_wconf 89' lang='lat' dir='ltr'>ministerio</span> <span class='ocrx_word' id='word_1_86' title='bbox 980 1566 1177 1635; x_wconf 90' lang='lat' dir='ltr'>immoletur</span> <span class='ocrx_word' id='word_1_87' title='bbox 1192 1568 1363 1635; x_wconf 89' lang='lat' dir='ltr'>Dominus</span> <span class='ocrx_word' id='word_1_88' title='bbox 1383 1589 1448 1634; x_wconf 89' lang='lat' dir='ltr'>no·</span> <span class='ocrx_word' id='word_1_89' title='bbox 1476 1652 1481 1661; x_wconf 27' lang='grc' dir='ltr'>Ι</span> 
     </span>
     <span class='ocr_line' id='line_1_11' title="bbox 210 1668 1446 1769; baseline 0.002 -22"><span class='ocrx_word' id='word_1_90' title='bbox 210 1689 283 1749; x_wconf 90' lang='lat' dir='ltr'>ster</span> <span class='ocrx_word' id='word_1_91' title='bbox 296 1668 392 1748; x_wconf 77' lang='lat' dir='ltr'>lesus</span> <span class='ocrx_word' id='word_1_92' title='bbox 403 1680 566 1749; x_wconf 91' lang='lat' dir='ltr'>Christus</span> <span class='ocrx_word' id='word_1_93' title='bbox 577 1681 642 1749; x_wconf 91' lang='lat' dir='ltr'>Dei</span> <span class='ocrx_word' id='word_1_94' title='bbox 655 1682 747 1763; x_wconf 87' lang='lat' dir='ltr'>filius</span> <span class='ocrx_word' id='word_1_95' title='bbox 759 1682 818 1769; x_wconf 90' lang='lat' dir='ltr'>qui</span> <span class='ocrx_word' id='word_1_96' title='bbox 830 1683 960 1749; x_wconf 89' lang='lat' dir='ltr'>candor</span> <span class='ocrx_word' id='word_1_97' title='bbox 972 1692 1025 1751; x_wconf 90' lang='lat' dir='ltr'>est</span> <span class='ocrx_word' id='word_1_98' title='bbox 1040 1682 1129 1749; x_wconf 90' lang='lat' dir='ltr'>lucis</span> <span class='ocrx_word' id='word_1_99' title='bbox 1143 1693 1305 1752; x_wconf 86' lang='lat' dir='ltr'>aeternae</span> <span class='ocrx_word' id='word_1_100' title='bbox 1316 1704 1446 1750; x_wconf 91' lang='lat' dir='ltr'>conue-</span> 
     </span>
     <span class='ocr_line' id='line_1_12' title="bbox 212 1795 1133 1878; baseline 0.004 -17"><span class='ocrx_word' id='word_1_101' title='bbox 212 1796 279 1875; x_wconf 88' lang='lat' dir='ltr'>nit,</span> <span class='ocrx_word' id='word_1_102' title='bbox 291 1798 363 1863; x_wconf 93' lang='lat' dir='ltr'>hoc</span> <span class='ocrx_word' id='word_1_103' title='bbox 380 1796 502 1863; x_wconf 92' lang='lat' dir='ltr'>nonin</span> <span class='ocrx_word' id='word_1_104' title='bbox 518 1797 630 1865; x_wconf 91' lang='lat' dir='ltr'>noctis</span> <span class='ocrx_word' id='word_1_105' title='bbox 647 1797 798 1867; x_wconf 88' lang='lat' dir='ltr'>tenebris</span> <span class='ocrx_word' id='word_1_106' title='bbox 814 1797 902 1878; x_wconf 87' lang='lat' dir='ltr'>fieri,</span> <span class='ocrx_word' id='word_1_107' title='bbox 921 1798 983 1866; x_wconf 92' lang='lat' dir='ltr'>sed</span> <span class='ocrx_word' id='word_1_108' title='bbox 994 1795 1031 1863; x_wconf 92' lang='lat' dir='ltr'>in</span> <span class='ocrx_word' id='word_1_109' title='bbox 1043 1798 1133 1865; x_wconf 92' lang='lat' dir='ltr'>luce.</span> 
     </span>
    </p>

    <p class='ocr_par' dir='ltr' id='par_1_3' title="bbox 168 1912 1449 2918">
     <span class='ocr_line' id='line_1_13' title="bbox 282 1912 1447 2001; baseline 0.001 -23"><span class='ocrx_word' id='word_1_110' title='bbox 282 1914 454 1979; x_wconf 85' lang='lat' dir='ltr'>Remissio</span> <span class='ocrx_word' id='word_1_111' title='bbox 480 1916 635 1979; x_wconf 84' lang='lat' dir='ltr'>omnium</span> <span class='ocrx_word' id='word_1_112' title='bbox 663 1917 1125 2000; x_wconf 72' lang='lat' dir='ltr'>peccatorum-Praeterea</span> <span class='ocrx_word' id='word_1_113' title='bbox 1148 1913 1296 2001; x_wconf 85' lang='lat' dir='ltr'>singulis</span> <span class='ocrx_word' id='word_1_114' title='bbox 1321 1912 1447 1981; x_wconf 86' lang='lat' dir='ltr'>diebus</span> 
     </span>
     <span class='ocr_line' id='line_1_14' title="bbox 210 2027 1447 2116; baseline 0.002 -24"><span class='ocrx_word' id='word_1_115' title='bbox 210 2028 306 2096; x_wconf 90' lang='lat' dir='ltr'>vitae</span> <span class='ocrx_word' id='word_1_116' title='bbox 320 2050 451 2095; x_wconf 92' lang='lat' dir='ltr'>eorum.</span> <span class='ocrx_word' id='word_1_117' title='bbox 471 2031 515 2095; x_wconf 92' lang='lat' dir='ltr'>Et</span> <span class='ocrx_word' id='word_1_118' title='bbox 527 2052 588 2115; x_wconf 90' lang='lat' dir='ltr'>per</span> <span class='ocrx_word' id='word_1_119' title='bbox 604 2050 723 2096; x_wconf 90' lang='lat' dir='ltr'>omnes</span> <span class='ocrx_word' id='word_1_120' title='bbox 738 2030 813 2098; x_wconf 84' lang='lat' dir='ltr'>dies</span> <span class='ocrx_word' id='word_1_121' title='bbox 828 2028 977 2111; x_wconf 62' lang='lat' dir='ltr'>veneris</span> <span class='ocrx_word' id='word_1_122' title='bbox 990 2027 1026 2095; x_wconf 91' lang='lat' dir='ltr'>in</span> <span class='ocrx_word' id='word_1_123' title='bbox 1039 2028 1185 2116; x_wconf 88' lang='lat' dir='ltr'>singulis</span> <span class='ocrx_word' id='word_1_124' title='bbox 1201 2028 1320 2116; x_wconf 89' lang='lat' dir='ltr'>primis</span> <span class='ocrx_word' id='word_1_125' title='bbox 1335 2029 1447 2096; x_wconf 88' lang='lat' dir='ltr'>domi-</span> 
     </span>
     <span class='ocr_line' id='line_1_15' title="bbox 210 2143 1447 2232; baseline -0.001 -22"><span class='ocrx_word' id='word_1_126' title='bbox 210 2143 301 2210; x_wconf 87' lang='lat' dir='ltr'>nicis</span> <span class='ocrx_word' id='word_1_127' title='bbox 317 2143 486 2213; x_wconf 89' lang='lat' dir='ltr'>mensium</span> <span class='ocrx_word' id='word_1_128' title='bbox 504 2144 610 2211; x_wconf 90' lang='lat' dir='ltr'>totius</span> <span class='ocrx_word' id='word_1_129' title='bbox 624 2145 718 2211; x_wconf 87' lang='lat' dir='ltr'>anni.</span> <span class='ocrx_word' id='word_1_130' title='bbox 737 2147 775 2211; x_wconf 93' lang='lat' dir='ltr'>ln</span> <span class='ocrx_word' id='word_1_131' title='bbox 796 2144 945 2232; x_wconf 86' lang='lat' dir='ltr'>singulis</span> <span class='ocrx_word' id='word_1_132' title='bbox 962 2144 1208 2213; x_wconf 89' lang='lat' dir='ltr'>festiuitatibus</span> <span class='ocrx_word' id='word_1_133' title='bbox 1226 2148 1272 2213; x_wconf 85' lang='lat' dir='ltr'>D.</span> <span class='ocrx_word' id='word_1_134' title='bbox 1295 2147 1344 2215; x_wconf 88' lang='lat' dir='ltr'>N.</span> <span class='ocrx_word' id='word_1_135' title='bbox 1367 2146 1447 2213; x_wconf 89' lang='lat' dir='ltr'>lesu</span> 
     </span>
     <span class='ocr_line' id='line_1_16' title="bbox 210 2243 1446 2348; baseline 0 -21"><span class='ocrx_word' id='word_1_136' title='bbox 210 2259 353 2341; x_wconf 89' lang='lat' dir='ltr'>Christi,</span> <span class='ocrx_word' id='word_1_137' title='bbox 372 2270 406 2327; x_wconf 89' lang='lat' dir='ltr'>et</span> <span class='ocrx_word' id='word_1_138' title='bbox 418 2259 563 2347; x_wconf 85' lang='lat' dir='ltr'>virginis</span> <span class='ocrx_word' id='word_1_139' title='bbox 578 2260 751 2347; x_wconf 86' lang='lat' dir='ltr'>gloriosae</span> <span class='ocrx_word' id='word_1_140' title='bbox 770 2243 883 2347; x_wconf 55' lang='lat' dir='ltr'>et‘per</span> <span class='ocrx_word' id='word_1_141' title='bbox 898 2260 973 2328; x_wconf 91' lang='lat' dir='ltr'>eius</span> <span class='ocrx_word' id='word_1_142' title='bbox 993 2272 1147 2328; x_wconf 89' lang='lat' dir='ltr'>octauas.</span> <span class='ocrx_word' id='word_1_143' title='bbox 1171 2264 1209 2327; x_wconf 90' lang='lat' dir='ltr'>ln</span> <span class='ocrx_word' id='word_1_144' title='bbox 1230 2260 1378 2348; x_wconf 87' lang='lat' dir='ltr'>singulis</span> <span class='ocrx_word' id='word_1_145' title='bbox 1394 2260 1446 2327; x_wconf 88' lang='lat' dir='ltr'>fe-</span> 
     </span>
     <span class='ocr_line' id='line_1_17' title="bbox 208 2374 1446 2463; baseline 0.001 -21"><span class='ocrx_word' id='word_1_146' title='bbox 208 2374 424 2442; x_wconf 90' lang='lat' dir='ltr'>stiuitatibus</span> <span class='ocrx_word' id='word_1_147' title='bbox 435 2378 499 2447; x_wconf 91' lang='lat' dir='ltr'>Xll</span> <span class='ocrx_word' id='word_1_148' title='bbox 515 2378 761 2463; x_wconf 90' lang='lat' dir='ltr'>apostolorum.</span> <span class='ocrx_word' id='word_1_149' title='bbox 781 2377 819 2443; x_wconf 89' lang='lat' dir='ltr'>ln</span> <span class='ocrx_word' id='word_1_150' title='bbox 836 2377 926 2443; x_wconf 91' lang='lat' dir='ltr'>festo</span> <span class='ocrx_word' id='word_1_151' title='bbox 938 2376 1151 2463; x_wconf 86' lang='lat' dir='ltr'>Epiphaniae</span> <span class='ocrx_word' id='word_1_152' title='bbox 1160 2388 1199 2445; x_wconf 85' lang='lat' dir='ltr'>et</span> <span class='ocrx_word' id='word_1_153' title='bbox 1210 2375 1358 2463; x_wconf 85' lang='lat' dir='ltr'>singulis</span> <span class='ocrx_word' id='word_1_154' title='bbox 1371 2376 1446 2443; x_wconf 90' lang='lat' dir='ltr'>die-</span> 
     </span>
     <span class='ocr_line' id='line_1_18' title="bbox 210 2491 1449 2580; baseline -0.001 -23"><span class='ocrx_word' id='word_1_155' title='bbox 210 2492 278 2557; x_wconf 91' lang='lat' dir='ltr'>bus</span> <span class='ocrx_word' id='word_1_156' title='bbox 294 2514 354 2578; x_wconf 89' lang='lat' dir='ltr'>per</span> <span class='ocrx_word' id='word_1_157' title='bbox 371 2492 445 2559; x_wconf 91' lang='lat' dir='ltr'>eius</span> <span class='ocrx_word' id='word_1_158' title='bbox 462 2503 632 2559; x_wconf 89' lang='lat' dir='ltr'>octauam.</span> <span class='ocrx_word' id='word_1_159' title='bbox 652 2494 695 2559; x_wconf 90' lang='lat' dir='ltr'>Et</span> <span class='ocrx_word' id='word_1_160' title='bbox 711 2492 747 2559; x_wconf 89' lang='lat' dir='ltr'>in</span> <span class='ocrx_word' id='word_1_161' title='bbox 764 2494 852 2561; x_wconf 84' lang='lat' dir='ltr'>festo</span> <span class='ocrx_word' id='word_1_162' title='bbox 867 2493 1140 2560; x_wconf 90' lang='lat' dir='ltr'>Resurrectionis</span> <span class='ocrx_word' id='word_1_163' title='bbox 1160 2491 1307 2580; x_wconf 88' lang='lat' dir='ltr'>singulis</span> <span class='ocrx_word' id='word_1_164' title='bbox 1323 2492 1449 2559; x_wconf 89' lang='lat' dir='ltr'>diebus</span> 
     </span>
     <span class='ocr_line' id='line_1_19' title="bbox 211 2598 1447 2695; baseline -0.001 -21"><span class='ocrx_word' id='word_1_165' title='bbox 211 2630 274 2695; x_wconf 90' lang='lat' dir='ltr'>per</span> <span class='ocrx_word' id='word_1_166' title='bbox 290 2608 365 2676; x_wconf 88' lang='lat' dir='ltr'>eius</span> <span class='ocrx_word' id='word_1_167' title='bbox 380 2620 551 2676; x_wconf 88' lang='lat' dir='ltr'>octauam.</span> <span class='ocrx_word' id='word_1_168' title='bbox 570 2611 607 2675; x_wconf 92' lang='lat' dir='ltr'>ln</span> <span class='ocrx_word' id='word_1_169' title='bbox 625 2608 681 2677; x_wconf 94' lang='lat' dir='ltr'>die</span> <span class='ocrx_word' id='word_1_170' title='bbox 694 2598 930 2678; x_wconf 85' lang='lat' dir='ltr'>Ascensionis.</span> <span class='ocrx_word' id='word_1_171' title='bbox 947 2609 984 2675; x_wconf 91' lang='lat' dir='ltr'>ln</span> <span class='ocrx_word' id='word_1_172' title='bbox 997 2608 1052 2675; x_wconf 88' lang='lat' dir='ltr'>die</span> <span class='ocrx_word' id='word_1_173' title='bbox 1072 2611 1321 2678; x_wconf 81' lang='lat' dir='ltr'>Penthecostes</span> <span class='ocrx_word' id='word_1_174' title='bbox 1336 2618 1373 2674; x_wconf 89' lang='lat' dir='ltr'>et</span> <span class='ocrx_word' id='word_1_175' title='bbox 1384 2628 1447 2693; x_wconf 86' lang='lat' dir='ltr'>per</span> 
     </span>
     <span class='ocr_line' id='line_1_20' title="bbox 168 2711 1449 2812; baseline -0.002 -20"><span class='ocrx_word' id='word_1_176' title='bbox 168 2711 171 2717; x_wconf 46' lang='grc'>’</span> <span class='ocrx_word' id='word_1_177' title='bbox 212 2738 373 2792; x_wconf 87' lang='lat' dir='ltr'>octauam</span> <span class='ocrx_word' id='word_1_178' title='bbox 398 2724 544 2811; x_wconf 86' lang='lat' dir='ltr'>singulis</span> <span class='ocrx_word' id='word_1_179' title='bbox 564 2724 686 2793; x_wconf 90' lang='lat' dir='ltr'>diebus</span> <span class='ocrx_word' id='word_1_180' title='bbox 706 2724 892 2812; x_wconf 87' lang='lat' dir='ltr'>plenariam</span> <span class='ocrx_word' id='word_1_181' title='bbox 913 2723 1065 2791; x_wconf 88' lang='lat' dir='ltr'>omnium</span> <span class='ocrx_word' id='word_1_182' title='bbox 1085 2737 1304 2811; x_wconf 87' lang='lat' dir='ltr'>peccatorum</span> <span class='ocrx_word' id='word_1_183' title='bbox 1326 2723 1449 2793; x_wconf 90' lang='lat' dir='ltr'>remis-</span> 
     </span>
     <span class='ocr_line' id='line_1_21' title="bbox 212 2840 361 2918; baseline -0.007 -12"><span class='ocrx_word' id='word_1_184' title='bbox 212 2840 361 2918; x_wconf 75' lang='lat' dir='ltr'>sionem.</span> 
     </span>
    </p>

    <p class='ocr_par' dir='ltr' id='par_1_4' title="bbox 210 2932 1482 4088">
     <span class='ocr_line' id='line_1_22' title="bbox 280 2932 1447 3044; baseline -0.002 -21"><span class='ocrx_word' id='word_1_185' title='bbox 280 2958 456 3023; x_wconf 82' lang='lat' dir='ltr'>Assecutio</span> <span class='ocrx_word' id='word_1_186' title='bbox 476 2958 716 3044; x_wconf 80' lang='lat' dir='ltr'>plurimorum</span> <span class='ocrx_word' id='word_1_187' title='bbox 743 2962 774 3022; x_wconf 83' lang='lat' dir='ltr'>et</span> <span class='ocrx_word' id='word_1_188' title='bbox 802 2957 1025 3022; x_wconf 80' lang='lat' dir='ltr'>diuersarum</span> <span class='ocrx_word' id='word_1_189' title='bbox 1053 2932 1356 3042; x_wconf 67' lang='lat' dir='ltr'>indulgentiarum</span> <span class='ocrx_word' id='word_1_190' title='bbox 1379 2963 1447 3041; x_wconf 78' lang='lat' dir='ltr'>par</span> 
     </span>
     <span class='ocr_line' id='line_1_23' title="bbox 212 3070 1482 3159; baseline 0.002 -20"><span class='ocrx_word' id='word_1_191' title='bbox 212 3080 318 3139; x_wconf 81' lang='lat' dir='ltr'>totum</span> <span class='ocrx_word' id='word_1_192' title='bbox 339 3075 572 3139; x_wconf 72' lang='lat' dir='ltr'>annum-ln</span> <span class='ocrx_word' id='word_1_193' title='bbox 587 3073 677 3139; x_wconf 88' lang='lat' dir='ltr'>festo</span> <span class='ocrx_word' id='word_1_194' title='bbox 692 3072 846 3159; x_wconf 90' lang='lat' dir='ltr'>corporis</span> <span class='ocrx_word' id='word_1_195' title='bbox 867 3071 995 3139; x_wconf 89' lang='lat' dir='ltr'>Christi</span> <span class='ocrx_word' id='word_1_196' title='bbox 1018 3082 1052 3138; x_wconf 91' lang='lat' dir='ltr'>et</span> <span class='ocrx_word' id='word_1_197' title='bbox 1073 3070 1220 3157; x_wconf 84' lang='lat' dir='ltr'>singulis</span> <span class='ocrx_word' id='word_1_198' title='bbox 1241 3071 1364 3139; x_wconf 90' lang='lat' dir='ltr'>diebus</span> <span class='ocrx_word' id='word_1_199' title='bbox 1383 3092 1446 3158; x_wconf 92' lang='lat' dir='ltr'>per</span> <span class='ocrx_word' id='word_1_200' title='bbox 1477 3130 1482 3141; x_wconf 95' lang='lat'>.</span> 
     </span>
     <span class='ocr_line' id='line_1_24' title="bbox 212 3186 1446 3275; baseline -0.002 -19"><span class='ocrx_word' id='word_1_201' title='bbox 212 3190 288 3258; x_wconf 89' lang='lat' dir='ltr'>eius</span> <span class='ocrx_word' id='word_1_202' title='bbox 305 3200 477 3256; x_wconf 90' lang='lat' dir='ltr'>octauam.</span> <span class='ocrx_word' id='word_1_203' title='bbox 496 3190 535 3255; x_wconf 91' lang='lat' dir='ltr'>ln</span> <span class='ocrx_word' id='word_1_204' title='bbox 551 3189 606 3257; x_wconf 90' lang='lat' dir='ltr'>die</span> <span class='ocrx_word' id='word_1_205' title='bbox 627 3188 850 3275; x_wconf 87' lang='lat' dir='ltr'>apparitionis</span> <span class='ocrx_word' id='word_1_206' title='bbox 871 3187 1009 3255; x_wconf 88' lang='lat' dir='ltr'>Domini</span> <span class='ocrx_word' id='word_1_207' title='bbox 1033 3187 1141 3254; x_wconf 89' lang='lat' dir='ltr'>nostri</span> <span class='ocrx_word' id='word_1_208' title='bbox 1161 3189 1238 3255; x_wconf 90' lang='lat' dir='ltr'>Iesu</span> <span class='ocrx_word' id='word_1_209' title='bbox 1260 3186 1389 3255; x_wconf 88' lang='lat' dir='ltr'>Christi</span> <span class='ocrx_word' id='word_1_210' title='bbox 1409 3197 1446 3255; x_wconf 90' lang='lat' dir='ltr'>et</span> 
     </span>
     <span class='ocr_line' id='line_1_25' title="bbox 212 3302 1446 3393; baseline 0 -21"><span class='ocrx_word' id='word_1_211' title='bbox 212 3305 360 3393; x_wconf 87' lang='lat' dir='ltr'>singulis</span> <span class='ocrx_word' id='word_1_212' title='bbox 377 3304 499 3372; x_wconf 89' lang='lat' dir='ltr'>diebus</span> <span class='ocrx_word' id='word_1_213' title='bbox 511 3327 572 3391; x_wconf 88' lang='lat' dir='ltr'>per</span> <span class='ocrx_word' id='word_1_214' title='bbox 587 3304 663 3372; x_wconf 89' lang='lat' dir='ltr'>eius</span> <span class='ocrx_word' id='word_1_215' title='bbox 683 3315 855 3371; x_wconf 91' lang='lat' dir='ltr'>octauam.</span> <span class='ocrx_word' id='word_1_216' title='bbox 879 3307 917 3371; x_wconf 91' lang='lat' dir='ltr'>ln</span> <span class='ocrx_word' id='word_1_217' title='bbox 938 3304 993 3370; x_wconf 94' lang='lat' dir='ltr'>die</span> <span class='ocrx_word' id='word_1_218' title='bbox 1014 3302 1258 3389; x_wconf 89' lang='lat' dir='ltr'>assumptionis</span> <span class='ocrx_word' id='word_1_219' title='bbox 1274 3302 1446 3390; x_wconf 87' lang='lat' dir='ltr'>gloriosae</span> 
     </span>
     <span class='ocr_line' id='line_1_26' title="bbox 212 3419 1448 3509; baseline -0.004 -19"><span class='ocrx_word' id='word_1_220' title='bbox 212 3421 367 3508; x_wconf 88' lang='lat' dir='ltr'>Virginis</span> <span class='ocrx_word' id='word_1_221' title='bbox 383 3432 418 3488; x_wconf 91' lang='lat' dir='ltr'>et</span> <span class='ocrx_word' id='word_1_222' title='bbox 434 3444 495 3509; x_wconf 89' lang='lat' dir='ltr'>per</span> <span class='ocrx_word' id='word_1_223' title='bbox 518 3421 592 3487; x_wconf 91' lang='lat' dir='ltr'>eius</span> <span class='ocrx_word' id='word_1_224' title='bbox 609 3432 765 3488; x_wconf 88' lang='lat' dir='ltr'>octauam</span> <span class='ocrx_word' id='word_1_225' title='bbox 783 3419 930 3507; x_wconf 86' lang='lat' dir='ltr'>singulis</span> <span class='ocrx_word' id='word_1_226' title='bbox 950 3419 1084 3486; x_wconf 91' lang='lat' dir='ltr'>diebus.</span> <span class='ocrx_word' id='word_1_227' title='bbox 1108 3421 1146 3485; x_wconf 91' lang='lat' dir='ltr'>ln</span> <span class='ocrx_word' id='word_1_228' title='bbox 1167 3419 1224 3487; x_wconf 89' lang='lat' dir='ltr'>die</span> <span class='ocrx_word' id='word_1_229' title='bbox 1246 3419 1448 3487; x_wconf 89' lang='lat' dir='ltr'>Natiuitatis</span> 
     </span>
     <span class='ocr_line' id='line_1_27' title="bbox 211 3536 1445 3628; baseline -0.002 -25"><span class='ocrx_word' id='word_1_230' title='bbox 211 3536 357 3625; x_wconf 90' lang='lat' dir='ltr'>virginis</span> <span class='ocrx_word' id='word_1_231' title='bbox 384 3549 419 3604; x_wconf 91' lang='lat' dir='ltr'>et</span> <span class='ocrx_word' id='word_1_232' title='bbox 440 3536 523 3628; x_wconf 81' lang='lat' dir='ltr'>[per]</span> <span class='ocrx_word' id='word_1_233' title='bbox 539 3549 696 3604; x_wconf 89' lang='lat' dir='ltr'>octauam</span> <span class='ocrx_word' id='word_1_234' title='bbox 718 3536 793 3603; x_wconf 91' lang='lat' dir='ltr'>eius</span> <span class='ocrx_word' id='word_1_235' title='bbox 808 3536 955 3621; x_wconf 90' lang='lat' dir='ltr'>singulis</span> <span class='ocrx_word' id='word_1_236' title='bbox 971 3536 1105 3603; x_wconf 91' lang='lat' dir='ltr'>diebus.</span> <span class='ocrx_word' id='word_1_237' title='bbox 1125 3537 1163 3601; x_wconf 90' lang='lat' dir='ltr'>ln</span> <span class='ocrx_word' id='word_1_238' title='bbox 1185 3536 1272 3601; x_wconf 90' lang='lat' dir='ltr'>festo</span> <span class='ocrx_word' id='word_1_239' title='bbox 1291 3536 1445 3602; x_wconf 91' lang='lat' dir='ltr'>omnium</span> 
     </span>
     <span class='ocr_line' id='line_1_28' title="bbox 210 3634 1445 3739; baseline -0.004 -18"><span class='ocrx_word' id='word_1_240' title='bbox 210 3665 409 3721; x_wconf 88' lang='lat' dir='ltr'>sanctorum</span> <span class='ocrx_word' id='word_1_241' title='bbox 421 3676 530 3739; x_wconf 92' lang='lat' dir='ltr'>vsque</span> <span class='ocrx_word' id='word_1_242' title='bbox 547 3654 590 3719; x_wconf 89' lang='lat' dir='ltr'>ad</span> <span class='ocrx_word' id='word_1_243' title='bbox 602 3654 726 3722; x_wconf 88' lang='lat' dir='ltr'>festum</span> <span class='ocrx_word' id='word_1_244' title='bbox 740 3653 777 3720; x_wconf 91' lang='lat' dir='ltr'>S.</span> <span class='ocrx_word' id='word_1_245' title='bbox 792 3652 962 3719; x_wconf 90' lang='lat' dir='ltr'>Leonardi</span> <span class='ocrx_word' id='word_1_246' title='bbox 974 3672 1093 3717; x_wconf 89' lang='lat' dir='ltr'>omnes</span> <span class='ocrx_word' id='word_1_247' title='bbox 1109 3662 1144 3717; x_wconf 91' lang='lat' dir='ltr'>et</span> <span class='ocrx_word' id='word_1_248' title='bbox 1159 3634 1445 3737; x_wconf 79' lang='lat' dir='ltr'>singulas⁸indul-</span> 
     </span>
     <span class='ocr_line' id='line_1_29' title="bbox 211 3762 1468 3857; baseline -0.004 -21"><span class='ocrx_word' id='word_1_249' title='bbox 211 3769 347 3857; x_wconf 88' lang='lat' dir='ltr'>gentias</span> <span class='ocrx_word' id='word_1_250' title='bbox 370 3762 432 3857; x_wconf 72' lang='lat' dir='ltr'>pe&#39;r</span> <span class='ocrx_word' id='word_1_251' title='bbox 452 3772 628 3837; x_wconf 89' lang='lat' dir='ltr'>Romanos</span> <span class='ocrx_word' id='word_1_252' title='bbox 645 3768 831 3837; x_wconf 88' lang='lat' dir='ltr'>Pontifices</span> <span class='ocrx_word' id='word_1_253' title='bbox 851 3766 979 3837; x_wconf 88' lang='lat' dir='ltr'>eisdem</span> <span class='ocrx_word' id='word_1_254' title='bbox 1000 3766 1230 3833; x_wconf 85' lang='lat' dir='ltr'>confratribus</span> <span class='ocrx_word' id='word_1_255' title='bbox 1249 3788 1444 3850; x_wconf 83' lang='lat' dir='ltr'>concessas,</span> <span class='ocrx_word' id='word_1_256' title='bbox 1464 3782 1468 3787; x_wconf 87' lang='grc'><strong>’</strong></span> 
     </span>
     <span class='ocr_line' id='line_1_30' title="bbox 210 3881 1447 3971; baseline -0.002 -20"><span class='ocrx_word' id='word_1_257' title='bbox 210 3886 393 3971; x_wconf 88' lang='lat' dir='ltr'>dequibus</span> <span class='ocrx_word' id='word_1_258' title='bbox 410 3886 444 3951; x_wconf 91' lang='lat' dir='ltr'>in</span> <span class='ocrx_word' id='word_1_259' title='bbox 461 3885 567 3953; x_wconf 85' lang='lat' dir='ltr'>literis</span> <span class='ocrx_word' id='word_1_260' title='bbox 584 3884 779 3971; x_wconf 90' lang='lat' dir='ltr'>apostolicis</span> <span class='ocrx_word' id='word_1_261' title='bbox 794 3885 942 3971; x_wconf 86' lang='lat' dir='ltr'>desuper</span> <span class='ocrx_word' id='word_1_262' title='bbox 958 3882 1125 3950; x_wconf 90' lang='lat' dir='ltr'>confectis</span> <span class='ocrx_word' id='word_1_263' title='bbox 1136 3882 1239 3949; x_wconf 87' lang='lat' dir='ltr'>latius</span> <span class='ocrx_word' id='word_1_264' title='bbox 1250 3881 1447 3949; x_wconf 87' lang='lat' dir='ltr'>continetur</span> 
     </span>
     <span class='ocr_line' id='line_1_31' title="bbox 210 4002 391 4088; baseline 0.017 -20"><span class='ocrx_word' id='word_1_265' title='bbox 210 4002 391 4088; x_wconf 89' lang='lat' dir='ltr'>consequi.</span> 
     </span>
    </p>

    <p class='ocr_par' dir='ltr' id='par_1_5' title="bbox 209 4114 1446 4555">
     <span class='ocr_line' id='line_1_32' title="bbox 279 4114 1446 4205; baseline -0.004 -20"><span class='ocrx_word' id='word_1_266' title='bbox 279 4120 510 4205; x_wconf 82' lang='lat' dir='ltr'>Participotio</span> <span class='ocrx_word' id='word_1_267' title='bbox 537 4120 653 4184; x_wconf 81' lang='lat' dir='ltr'>iubilei</span> <span class='ocrx_word' id='word_1_268' title='bbox 673 4124 704 4184; x_wconf 85' lang='lat' dir='ltr'>et</span> <span class='ocrx_word' id='word_1_269' title='bbox 730 4120 884 4183; x_wconf 83' lang='lat' dir='ltr'>aliarum</span> <span class='ocrx_word' id='word_1_270' title='bbox 910 4114 1281 4204; x_wconf 71' lang='lat' dir='ltr'>gratiarum-Fiunt</span> <span class='ocrx_word' id='word_1_271' title='bbox 1309 4135 1446 4201; x_wconf 88' lang='lat' dir='ltr'>quoque</span> 
     </span>
     <span class='ocr_line' id='line_1_33' title="bbox 210 4231 1446 4323; baseline -0.004 -21"><span class='ocrx_word' id='word_1_272' title='bbox 210 4236 402 4302; x_wconf 86' lang='lat' dir='ltr'>confratres</span> <span class='ocrx_word' id='word_1_273' title='bbox 430 4234 494 4321; x_wconf 91' lang='lat' dir='ltr'>ipsi</span> <span class='ocrx_word' id='word_1_274' title='bbox 522 4256 679 4323; x_wconf 80' lang='lat' dir='ltr'>capaceS,</span> <span class='ocrx_word' id='word_1_275' title='bbox 710 4244 744 4301; x_wconf 93' lang='lat' dir='ltr'>et</span> <span class='ocrx_word' id='word_1_276' title='bbox 765 4232 950 4319; x_wconf 88' lang='lat' dir='ltr'>participes</span> <span class='ocrx_word' id='word_1_277' title='bbox 973 4232 1126 4300; x_wconf 91' lang='lat' dir='ltr'>omnium</span> <span class='ocrx_word' id='word_1_278' title='bbox 1153 4231 1446 4318; x_wconf 88' lang='lat' dir='ltr'>indulgentiarum</span> 
     </span>
     <span class='ocr_line' id='line_1_34' title="bbox 209 4344 1446 4447; baseline -0.005 -30"><span class='ocrx_word' id='word_1_279' title='bbox 209 4351 398 4447; x_wconf 77' lang='lat' dir='ltr'>plenissimi</span> <span class='ocrx_word' id='word_1_280' title='bbox 426 4350 546 4419; x_wconf 90' lang='lat' dir='ltr'>lubilei</span> <span class='ocrx_word' id='word_1_281' title='bbox 574 4348 929 4445; x_wconf 78' lang='lat' dir='ltr'>quinquagenariiac</span> <span class='ocrx_word' id='word_1_282' title='bbox 951 4348 1137 4416; x_wconf 89' lang='lat' dir='ltr'>stationum</span> <span class='ocrx_word' id='word_1_283' title='bbox 1159 4359 1193 4416; x_wconf 90' lang='lat' dir='ltr'>et</span> <span class='ocrx_word' id='word_1_284' title='bbox 1220 4344 1446 4414; x_wconf 90' lang='lat' dir='ltr'>dedicationis</span> 
     </span>
     <span class='ocr_line' id='line_1_35' title="bbox 210 4463 1445 4555; baseline -0.011 -16"><span class='ocrx_word' id='word_1_285' title='bbox 210 4470 248 4539; x_wconf 90' lang='lat' dir='ltr'>S.</span> <span class='ocrx_word' id='word_1_286' title='bbox 269 4470 311 4537; x_wconf 88' lang='lat' dir='ltr'>R.</span> <span class='ocrx_word' id='word_1_287' title='bbox 330 4470 370 4535; x_wconf 87' lang='lat' dir='ltr'>E.</span> <span class='ocrx_word' id='word_1_288' title='bbox 390 4478 425 4537; x_wconf 92' lang='lat' dir='ltr'>et</span> <span class='ocrx_word' id='word_1_289' title='bbox 440 4465 728 4555; x_wconf 89' lang='lat' dir='ltr'>peregrinationis</span> <span class='ocrx_word' id='word_1_290' title='bbox 740 4477 850 4535; x_wconf 89' lang='lat' dir='ltr'>terrae</span> <span class='ocrx_word' id='word_1_291' title='bbox 863 4476 1016 4548; x_wconf 86' lang='lat' dir='ltr'>sauctae,</span> <span class='ocrx_word' id='word_1_292' title='bbox 1032 4475 1101 4530; x_wconf 91' lang='lat' dir='ltr'>tam</span> <span class='ocrx_word' id='word_1_293' title='bbox 1117 4463 1152 4530; x_wconf 90' lang='lat' dir='ltr'>in</span> <span class='ocrx_word' id='word_1_294' title='bbox 1165 4463 1236 4529; x_wconf 89' lang='lat' dir='ltr'>vita</span> <span class='ocrx_word' id='word_1_295' title='bbox 1252 4484 1353 4549; x_wconf 89' lang='lat' dir='ltr'>quam</span> <span class='ocrx_word' id='word_1_296' title='bbox 1368 4471 1445 4547; x_wconf 91' lang='lat' dir='ltr'>post</span> 
     </span>
    </p>
   </div>
   <div class='ocr_carea' id='block_1_3' title="bbox 209 4576 1529 4668">
    <p class='ocr_par' dir='ltr' id='par_1_6' title="bbox 209 4576 1529 4668">
     <span class='ocr_line' id='line_1_36' title="bbox 209 4576 1529 4668; baseline -0.006 -18"><span class='ocrx_word' id='word_1_297' title='bbox 209 4595 355 4652; x_wconf 87' lang='lat' dir='ltr'>mortem</span> <span class='ocrx_word' id='word_1_298' title='bbox 382 4584 418 4651; x_wconf 90' lang='lat' dir='ltr'>in</span> <span class='ocrx_word' id='word_1_299' title='bbox 445 4593 615 4666; x_wconf 88' lang='lat' dir='ltr'>eternum,</span> <span class='ocrx_word' id='word_1_300' title='bbox 646 4593 748 4668; x_wconf 89' lang='lat' dir='ltr'>atque</span> <span class='ocrx_word' id='word_1_301' title='bbox 775 4581 785 4621; x_wconf 71' lang='lat' dir='ltr'>f</span> <span class='ocrx_word' id='word_1_302' title='bbox 809 4582 961 4649; x_wconf 91' lang='lat' dir='ltr'>omnium</span> <span class='ocrx_word' id='word_1_303' title='bbox 989 4580 1202 4668; x_wconf 85' lang='lat' dir='ltr'>vigiliarum,</span> <span class='ocrx_word' id='word_1_304' title='bbox 1235 4576 1442 4657; x_wconf 88' lang='lat' dir='ltr'>orationum,</span> <span class='ocrx_word' id='word_1_305' title='bbox 1526 4647 1529 4653; x_wconf 61' lang='grc'><strong>,</strong></span> 
     </span>
    </p>
   </div>
   <div class='ocr_carea' id='block_1_4' title="bbox 207 4718 625 4809">
    <p class='ocr_par' dir='ltr' id='par_1_7' title="bbox 207 4718 625 4809">
     <span class='ocr_line' id='line_1_37' title="bbox 207 4718 625 4809; baseline -0.007 -34"><span class='ocrx_word' id='word_1_306' title='bbox 207 4796 212 4809; x_wconf 36' lang='lat'><strong>¹</strong></span> <span class='ocrx_word' id='word_1_307' title='bbox 266 4722 276 4764; x_wconf 84' lang='lat' dir='ltr'>t</span> <span class='ocrx_word' id='word_1_308' title='bbox 310 4730 416 4794; x_wconf 86' lang='lat' dir='ltr'>atquae</span> <span class='ocrx_word' id='word_1_309' title='bbox 430 4718 547 4792; x_wconf 78' lang='lat' dir='ltr'>origin.</span> <span class='ocrx_word' id='word_1_310' title='bbox 622 4788 625 4793; x_wconf 28' lang='grc' dir='ltr'>Ι</span> 
     </span>
    </p>
   </div>
   <div class='ocr_carea' id='block_1_5' title="bbox 0 0 1754 5367">
    <p class='ocr_par' dir='ltr' id='par_1_8' title="bbox 0 0 1754 5367">
     <span class='ocr_line' id='line_1_38' title="bbox 0 0 1754 5367; baseline 0 0"><span class='ocrx_word' id='word_1_311' title='bbox 0 0 1754 5367; x_wconf 95' lang='lat' dir='ltr'> </span> 
     </span>
    </p>
   </div>
  </div>
 </body>
</html>
