3500 5367
457 452 506 506 Du
526 463 618 507 acris
637 449 668 505 S.
683 452 811 506 leuant
831 464 851 505 a
870 450 1093 505 Rraausurrnn
1301 449 1355 519 3⁶5

157 604 248 671 inter
263 606 433 691 psalmum
449 619 484 671 et
496 606 663 691 psalmum
676 603 723 669 illi
736 603 918 671 diceretur:
936 604 1077 671 rhablar
1092 605 1184 670 claro
1196 626 1218 689 y
1230 626 1276 669 no
1292 605 1387 689 equi-

158 742 265 787 uocar
281 742 324 787 en
341 742 439 787 cosas
454 720 690 787 scandalosas»
709 730 776 789 etc.

226 838 283 921 58.
332 838 646 906 Deambulabamus
662 838 807 920 quadarn
824 834 880 905 die
895 856 915 901 a
930 856 1038 903 coena
1057 856 1125 922 ego
1144 848 1179 902 et
1200 838 1304 902 Pater
1324 858 1388 903 no·

158 966 228 1019 ster
244 953 414 1039 Ignatius,
432 974 500 1037 qua
516 955 600 1018 hora
615 952 717 1019 etiam
734 950 883 1038 plurimi,
904 952 966 1017 sed
986 974 1007 1017 a
1030 951 1130 1017 nobis
1152 950 1261 1018 dissiti
1286 962 1389 1037 atque

158 1068 321 1149 seiuncti,
339 1068 396 1134 alii
416 1068 483 1136 alia
506 1068 772 1136 deambulabant
793 1077 827 1133 et
848 1067 1171 1133 confabulabantur.
1195 1067 1283 1133 Cum
1304 1089 1389 1152 ergo

160 1183 264 1250 uariis
285 1186 447 1252 derebus
470 1182 702 1270 spiritualibus
718 1184 1003 1267 colloqueremur,
1021 1182 1173 1249 substitit
1198 1184 1312 1263 Pater,
1338 1196 1385 1262 et,

159 1321 278 1384 presso
294 1301 417 1385 gradu,
435 1300 571 1366 cuidam
587 1320 630 1365 ex
651 1297 825 1365 fratribus:
845 1297 935 1377 vide,
954 1298 1013 1377 ait,
1031 1298 1091 1381 qui
1107 1298 1175 1364 sint
1194 1297 1254 1383 qui
1273 1298 1307 1363 in
1330 1298 1405 1365 illo·

158 1415 270 1501 spatio
286 1416 507 1484 deambulent
520 1420 602 1499 (erat
615 1425 729 1481 autem
743 1412 890 1500 spatium
902 1412 987 1479 illud
997 1412 1046 1480 ita
1058 1425 1239 1493 semotum,
1256 1422 1293 1479 ut
1305 1412 1388 1498 quid

160 1529 332 1599 diceretur
348 1553 368 1597 a
383 1530 483 1598 nobis
498 1529 659 1598 distincte
674 1529 802 1616 percipi
823 1551 895 1595 non
918 1532 1057 1615 posset);
1080 1528 1138 1613 qui
1158 1550 1236 1595 cum
1258 1552 1388 1598 renun-

160 1644 279 1713 tiasset
295 1668 371 1714 esse
387 1646 599 1715 sacerdotem
616 1646 787 1729 quendam
809 1668 851 1713 ex
874 1644 1001 1711 nostris
1024 1665 1102 1710 cum
1125 1643 1256 1712 nouitio
1280 1644 1387 1711 collo-

160 1774 335 1844 quentem,
353 1761 522 1828 sacerdoti
538 1762 582 1827 ad
598 1782 635 1829 se
651 1759 828 1857 accersito:
846 1760 972 1845 quibus
987 1761 1031 1826 de
1043 1761 1158 1840 rebus,
1172 1758 1295 1844 inquit,
1309 1781 1388 1826 cum

161 1876 294 1943 nouitio
314 1876 523 1961 loquebaris?
544 1879 591 1942 At
614 1874 683 1944 ille:
709 1874 904 1955 incidimus,
930 1878 1046 1957 Pater,
1070 1874 1106 1940 in
1129 1896 1320 1943 sermonem
1344 1876 1388 1941 de

162 1991 352 2059 humilitate
368 1989 693 2077 etmortificatione,
710 2002 745 2057 et
761 2011 828 2076 ego
843 1989 892 2057 illi
905 1989 1106 2106 referebam,
1120 2012 1210 2075 quae
1221 1989 1278 2057 uel
1291 1989 1388 2058 uide-

163 2129 232 2172 ram
250 2108 325 2194 ipse
342 2109 397 2175 uel
413 2107 588 2175 audieram
605 2106 639 2172 in
655 2109 721 2173 hoc
737 2127 865 2194 genere
881 2107 925 2175 de
942 2107 1046 2173 fratre
1062 2107 1202 2175 Texeda
1218 2106 1245 2139 ²⁰
1262 2108 1346 2190 (erat
1358 2105 1388 2173 is

163 2222 234 2287 uirj
251 2222 389 2308 quidam
407 2244 553 2309 magnae
573 2222 742 2308 opinionis
762 2223 853 2308 apud
874 2222 1082 2307 nonnullos),
1105 2233 1144 2286 ut
1163 2202 1323 2290 iuuenem
1346 2223 1388 2286 ad

163 2336 284 2406 similia
299 2338 454 2425 exempla
469 2339 682 2407 adhortarer.
701 2338 759 2405 Ad
775 2340 860 2404 haec
877 2339 993 2404 Pater:
1008 2359 1051 2402 an
1066 2336 1126 2403 tibi
1138 2339 1263 2405 desunt
1276 2336 1311 2402 in
1323 2338 1390 2411 So·

163 2453 283 2523 cietate
307 2455 410 2521 huius
431 2453 568 2541 generis
588 2454 756 2540 exempla,
780 2474 868 2538 quae
892 2451 1032 2519 nouitiis
1054 2474 1237 2539 proponas,
1262 2463 1297 2519 et
1320 2473 1389 2517 non

163 2568 269 2636 aliena
286 2582 322 2639 et
338 2572 380 2636 ab
396 2570 547 2636 externis
562 2568 757 2636 hominibus
772 2569 894 2655 petita?
910 2582 944 2636 et
959 2568 1062 2653 simul
1077 2566 1290 2655 grauissimis
1311 2588 1390 2633 uer-

165 2684 213 2751 bis
227 2686 400 2754 hominem
417 2686 567 2772 corripit,
586 2686 710 2753 eteius
734 2706 860 2753 nornen
876 2684 892 2724 ¹¹
906 2686 950 2754 de
965 2685 1151 2770 cathalogo
1173 2705 1306 2763 eorum,
1331 2685 1390 2768 qui

163 2821 238 2866 cum
254 2802 395 2869 nouitiis
411 2802 572 2887 loquendi
596 2802 792 2868 facultatem
812 2802 1001 2882 habebant,
1025 2799 1131 2867 deleri
1155 2798 1262 2878 iubet,
1287 2810 1391 2883 atque

166 2918 301 2985 omnino
318 2940 395 2983 cum
412 2916 551 2983 novitiis
566 2915 738 3001 colloquio
750 2916 887 3002 penitus
899 2914 1083 2982 interdicit.
1099 2917 1142 2981 Et
1154 2917 1240 2982 haec
1252 2913 1389 3001 quidem
1413 2902 1416 2906 ’

168 3035 276 3101 Pater.
298 3035 374 3119 Ego
389 3054 473 3099 uero
489 3032 614 3099 tacitus
630 3032 721 3119 apud
736 3054 791 3099 me
806 3053 879 3101 rem
896 3030 1131 3110 considerans,
1154 3040 1189 3098 et
1211 3028 1389 3115 ingenium

166 3146 250 3215 illius
271 3148 459 3217 sacerdotis
480 3169 549 3217 non
570 3146 747 3234 ignoranS,
769 3134 980 3234 magnopere
999 3167 1076 3212 sum
1104 3143 1290 3212 admiratus
1318 3156 1389 3210 tum

169 3264 271 3331 Patris
286 3263 550 3351 prouidentiam,
569 3285 637 3349 qua
653 3262 819 3344 substitit,
833 3273 868 3329 et
883 3262 1009 3347 quibus
1025 3262 1068 3328 de
1084 3262 1188 3327 rebus
1199 3281 1389 3327 sermonem

166 3378 342 3449 miscerent
362 3380 450 3446 scire
467 3379 587 3459 uoluit,
611 3390 683 3444 tum
706 3401 860 3449 seueram
883 3377 1144 3464 castigationem
1165 3375 1173 3415 ¹
1193 3387 1228 3441 et
1249 3374 1390 3443 utilissi-

167 3514 252 3561 mum
268 3498 527 3577 documentum,
545 3516 615 3582 quo
631 3494 790 3562 nimirum
803 3496 928 3561 docere
939 3514 1003 3559 nos
1020 3491 1128 3560 uoluit
1141 3502 1191 3571 ut,
1206 3510 1284 3557 curn
1299 3492 1390 3577 apud

168 3628 292 3691 omnes,
311 3623 383 3677 tum
399 3612 546 3679 maxime
563 3612 655 3697 apud
672 3609 824 3677 nouitios
840 3618 875 3677 et
890 3609 925 3674 in
942 3630 1005 3675 sua
1021 3607 1203 3675 uocatione
1219 3627 1288 3673 non
1309 3604 1391 3671 satis

169 3724 332 3809 robustoS,
351 3749 392 3795 ea
408 3726 523 3793 omnia
539 3737 755 3811 amputemus
772 3736 807 3791 et
823 3723 1069 3804 rescindamus,
1088 3743 1187 3807 quae,
1207 3732 1391 3807 quantum·

170 3838 217 3927 uis
241 3840 431 3929 spiritualia
458 3853 493 3910 et
515 3852 650 3921 sancta,
682 3839 792 3907 aliena
819 3852 933 3907 tamen
960 3837 1029 3905 sint
1051 3838 1095 3905 ab
1114 3838 1172 3904 illa
1197 3836 1388 3915 uocatione,

171 3974 263 4037 quam
280 3958 329 4023 illi
350 3968 430 4027 sunt
449 3955 609 4043 amplexi;
627 3980 683 4037 ne,
703 3956 760 4024 ubi
777 3957 941 4043 prodesse
958 3955 1129 4031 uolumus,
1147 3961 1391 4020 nocumentum

171 4066 361 4154 inferamus,
380 4084 414 4141 et
431 4072 598 4159 ancipites
614 4083 717 4158 atque
732 4071 922 4140 titubantes
942 4070 1131 4138 efficiamus
1151 4090 1222 4149 eos
1245 4088 1333 4153 quos
1356 4066 1392 4135 in

172 4205 228 4254 sua
242 4190 422 4257 uocatione
438 4188 589 4257 stabilire
604 4201 639 4255 et
655 4189 857 4256 confirmare
872 4188 1162 4257 debeamus-R.
1261 4225 1264 4232 ·

218 4395 225 4444 i
260 4396 418 4451 monachus
442 4394 578 4450 Natalis
620 4398 669 4437 -k
690 4393 813 4449 Natalis
829 4394 901 4449 haec
919 4393 965 4447 ita
984 4391 1166 4448 emendavit:
1185 4406 1340 4462 proponas,
1360 4399 1391 4443 et

173 4480 250 4539 simul
259 4486 322 4541 eius
333 4484 429 4541 Patris
439 4501 556 4540 nomen.
590 4485 630 4525 ..1
649 4484 741 4538 Verbo
753 4499 887 4538 severam
897 4481 1122 4551 castigationem
1133 4480 1301 4535 cancellata
1310 4483 1389 4532 sunt.

177 4603 376 4621 Ἢ*-

222 4674 244 4706 ²⁰
279 4674 326 4730 Fr.
341 4674 471 4746 Joannes
482 4672 615 4743 Texeda‚
628 4671 666 4732 Ο.
683 4672 713 4728 S.
729 4672 772 4743 F,
788 4670 922 4727 Gandiae
936 4670 1031 4727 fuerat
1045 4677 1193 4725 versatus.
