3500 5367
399 464 552 522 Causuna
571 466 605 521 P.
626 467 870 522 Rmanmrumau
890 479 922 522 ru
942 480 1040 522 vrmu
1061 466 1092 522 S.
1114 468 1237 523 Iouam
1350 479 1400 536 751

269 623 354 705 Pag.
379 637 452 701 104.
470 617 546 686 Lib.
565 637 598 702 2,
616 639 694 706 cap.
714 619 997 688 8.—Mudarra...
1016 630 1052 687 et
1074 584 1329 700 Barreriasetc.

267 755 286 819 3
303 735 424 802 fueron
439 735 491 800 los
507 735 715 800 acusadores
728 736 772 801 de
788 745 929 802 nuestro
947 735 1069 803 Padre:
1085 737 1260 817 Mudarra,
1277 756 1365 821 cuya
1382 759 1438 804 es-

94 923 98 926 ,
182 862 295 917 tatua
312 851 370 916 suo
386 851 567 936 quemada3
585 852 629 917 D.
654 851 766 918 Pedro
787 852 830 917 de
851 850 1005 930 Camilla,
1029 871 1098 935 que
1119 851 1177 918 suo
1199 853 1438 920 condenadoa

183 967 308 1034 careal
324 976 503 1052 perpetua,
524 966 711 1052 ydespuos
739 966 849 1032 mutio
875 987 920 1032 en
936 967 988 1033 los
1015 967 1137 1052 bracos
1157 967 1213 1034 del
1230 970 1271 1033 P.
1291 968 1435 1036 Auella-

185 1083 285 1149 neda
301 1083 326 1161 ',
342 1082 479 1166 quando
505 1082 558 1147 los
585 1103 744 1148 romanos
768 1087 996 1166 quemarona
1024 1083 1146 1169 Ripeta
1168 1085 1313 1150 astando
1330 1104 1375 1168 yo
1392 1107 1436 1152 en

189 1200 318 1279 Roma3
337 1221 359 1284 y
375 1199 407 1266 el
424 1197 476 1282 3.⁰
492 1199 551 1264 suo
569 1200 724 1277 Barrera,
743 1220 810 1284 que
831 1220 890 1266 era
911 1200 1069 1280 catulino,
1094 1222 1116 1286 y
1141 1199 1252 1266 mutio
1272 1220 1372 1266 como
1390 1205 1435 1269 tal

190 1337 219 1398 y
236 1336 279 1382 en
295 1336 335 1381 su
355 1335 454 1379 cama
475 1334 562 1399 poco
589 1314 738 1399 despur'es
764 1314 808 1380 de
825 1315 858 1380 la
886 1313 1123 1401 persecucion,
1153 1335 1220 1381 con
1242 1315 1435 1400 arrepenti-

190 1429 327 1497 miento
343 1430 386 1496 de
402 1452 442 1496 su
459 1438 598 1515 engafro
613 1452 636 1514 y
652 1451 758 1496 error.
774 1433 827 1498 De
843 1442 960 1498 suerte
977 1452 1044 1516 que
1061 1453 1099 1499 es
1113 1431 1197 1497 falso
1210 1452 1278 1516 que
1292 1433 1436 1500 Barrera

191 1558 384 1632 «perpetuo
400 1546 529 1612 carceri
548 1546 593 1612 sit
613 1546 804 1615 addictus.»
825 1548 855 1612 Y
878 1547 1054 1632 pur'edense
1077 1569 1143 1613 con
1164 1553 1269 1614 razon
1291 1547 1435 1614 resentir

191 1683 256 1728 sus
270 1663 402 1730 deudos
417 1663 528 1741 desto,
547 1685 569 1746 y
586 1683 654 1746 que
671 1662 704 1728 le
724 1662 848 1730 llamen
867 1663 995 1748 hereje3
1013 1687 1036 1750 y
1054 1662 1202 1730 tambion
1219 1664 1271 1728 los
1294 1664 1338 1730 de
1354 1665 1434 1729 Mu-

190 1778 307 1858 darra,
326 1799 394 1863 que
411 1799 448 1845 es
464 1788 570 1864 gente
587 1779 758 1844 honrrada
775 1800 798 1863 y
814 1779 1015 1860 caualleros;
1034 1802 1057 1865 y
1073 1779 1125 1845 los
1140 1779 1183 1846 de
1200 1781 1244 1845 D.
1266 1779 1377 1846 Pedro
1390 1780 1434 1844 de

192 1893 348 1976 Camilla,
365 1894 394 1958 si
410 1914 448 1960 se
464 1894 675 1960 nombrasse.
695 1895 726 1959 Y
742 1913 805 1979 por
821 1891 932 1959 euitar
953 1905 1029 1960 esto
1045 1893 1124 1960 dixe
1140 1914 1196 1980 y0:
1216 1915 1303 1978 quos
1320 1893 1433 1960 nomi-

193 2029 277 2074 nare
293 2031 364 2076 non
381 2019 433 2077 est
450 2030 604 2088 necesse,
624 2007 679 2074 lib.
699 2027 732 2074 2.
751 2030 827 2095 cap.
851 2027 904 2091 14.

263 2127 350 2210 Pag.
374 2125 447 2191 108.
467 2124 543 2191 Lib.
567 2142 600 2204 2,
623 2146 700 2210 cap.
729 2123 990 2191 10.—Rainutio
1019 2125 1181 2192 Farnesio
1210 2125 1427 2192 Cardinali...

190 2263 253 2325 per
269 2261 330 2306 eos
345 2240 460 2306 dies...
479 2239 607 2325 legatio
624 2238 819 2306 Parmensis
836 2240 1037 2308 obuenerat.

261 2358 344 2422 Esto
361 2377 398 2423 es
419 2356 519 2437 {alam
545 2377 682 2441 porque·
703 2354 869 2421 Rainucio
891 2355 1056 2424 Farnesio
1079 2377 1138 2422 era
1159 2371 1325 2440 entonoes
1348 2380 1430 2443 muy

193 2471 288 2554 ηἱῆο,
306 2493 329 2556 y
345 2473 365 2537 8
382 2480 469 2536 anos
485 2471 633 2556 despuas
648 2471 747 2537 desto
763 2472 821 2536 suo
839 2472 954 2538 hecho
975 2472 1136 2540 cardenal
1158 2494 1200 2538 en
1218 2473 1251 2539 la
1277 2493 1316 2556 14
1332 2495 1429 2541 crea-

187 2586 270 2652 eion
286 2588 330 2655 de
347 2588 456 2653 Paulo
474 2607 493 2670 3
509 2587 541 2652 el
558 2596 626 2653 ano
642 2587 687 2652 de
707 2587 799 2669 1546.
816 2587 855 2651 El
869 2587 1029 2654 cardena}
1042 2587 1086 2654 de
1102 2589 1174 2656 Sto,
1194 2589 1345 2674 Ange10‚
1361 2611 1429 2674 que

191 2704 286 2768 suba
303 2704 426 2768 Parma
446 2725 469 2786 y
489 2703 581 2769 lleuo
601 2708 621 2768 a
642 2712 800 2769 nuestros
824 2702 964 2780 pauses,
988 2702 1046 2768 suo
1067 2703 1098 2769 el
1115 2704 1274 2770 cardenal
1297 2705 1340 2769 de
1357 2705 1428 2771 Ve-

191 2817 256 2882 ruli
272 2819 298 2898 ³,
317 2838 384 2902 que
404 2839 443 2885 se
458 2818 559 2884 llamo
580 2818 611 2884 el
632 2818 793 2883 cardenal
814 2817 851 2886 S.
875 2817 992 2903 Angel
1013 2837 1073 2903 por
1090 2817 1122 2884 el
1140 2819 1251 2898 tstulo,
1271 2839 1340 2903 que
1367 2841 1427 2886 era

188 2933 229 3000 S.
249 2934 365 3019 Angel
380 2933 424 2999 de
439 2934 471 2999 la
489 2935 688 3018 Pesqueria,
706 2955 729 3017 y
744 2934 803 2998 fua
819 2933 932 3000 hecho
947 2933 1107 2998 cardenal
1124 2933 1155 3002 el
1173 2911 1242 3000 afro
1260 2935 1304 3001 de
1327 2935 1424 3018 1536;

190 3072 213 3134 y
229 3071 275 3134 yo
291 3050 323 3115 le
338 3054 491 3129 bonomi,
514 3070 537 3132 y
553 3071 608 3116 me
624 3047 693 3114 crib
708 3069 777 3114 con
798 3047 954 3114 Ranuoio
976 3047 1139 3116 Farnesio
1159 3071 1203 3116 en
1228 3071 1308 3116 casa
1325 3051 1369 3118 de
1385 3071 1426 3116 su

187 3168 363 3233 hermano
384 3166 497 3232 Vaase
512 3171 533 3230 a
549 3163 732 3250 Onupbrio
752 3187 796 3232 en
819 3165 851 3230 el
873 3169 1023 3249 epitome
1044 3166 1087 3230 de
1108 3166 1158 3232 los
1181 3186 1288 3251 papas
1309 3186 1425 3250 year-

185 3282 339 3348 uenales.
436 3360 442 3372 ἤ

236 3399 340 3487 rag.
375 3397 447 3463 128.
479 3396 554 3464 Lib.
586 3415 618 3476 2,
648 3418 725 3482 cap.
761 3395 1007 3482 18.—primum
1041 3397 1192 3462 omnium
1221 3396 1352 3464 litteras
1380 3399 1423 3464 ad

184 3511 295 3597 ipsum
312 3511 495 3578 Claudium
513 3513 525 3544 ⁴
542 3509 638 3601 [dat‚]
656 3511 812 3580 Venetiis
828 3522 900 3578 tum
918 3513 1047 3578 forte...
1066 3497 1346 3581 commorantem.

251 3627 406 3694 Tridenti
429 3629 714 3707 commorabatur,
738 3627 773 3693 in
795 3627 941 3694 coneilio
963 3638 1076 3714 partes
1097 3650 1207 3714 agens
1230 3627 1416 3714 augustani

181 3742 365 3809 cardinalis
382 3746 406 3824 ⁸;
425 3745 486 3811 sed
501 3754 667 3810 euocatus
682 3764 702 3809 e
719 3743 883 3809 Tridento
900 3743 1064 3812 Venetias
1081 3743 1123 3810 ab
1140 3743 1301 3830 episcopo
1318 3744 1412 3810 laba-

184 3856 279 3925 censi
296 3861 322 3938 ⁰,
341 3859 400 3943 qui
423 3857 496 3945 regi
517 3869 627 3927 erata
654 3858 940 3938 confessionibus,
971 3869 1004 3926 et
1033 3881 1087 3939 eu,
1108 3870 1145 3925 ut
1172 3881 1250 3925 cum
1273 3859 1422 3926 Claudio

186 3971 404 4060 transigeret,
424 3985 577 4042 uenerat.
595 3947 605 3972 ’

237 4242 249 4272 ’
285 4242 466 4298 Didacusde
482 4243 676 4300 Avellaneda.

236 4334 248 4364 ⁸
284 4333 397 4388 Ennius
411 4333 595 4400 Filonardus,
609 4351 697 4404 quem
712 4333 800 4401 PAGl,
815 4333 1026 4402 Breviorium,
1042 4333 1091 4401 VI,
1113 4332 1158 4402 26,
1178 4340 1264 4388 vocat
1284 4332 1423 4405 «Episco-

179 4438 252 4492 pum
267 4422 460 4489 Verulanum,
475 4422 560 4477 Arois
573 4422 606 4479 S.
626 4422 735 4492 Angeli
749 4421 964 4480 Praefectum».

235 4514 247 4544 ⁴
284 4510 564 4582 ClaudiumJajum.

236 4602 248 4634 ⁵
285 4599 406 4657 Ottonis
419 4601 616 4656 Trucbsessii.

235 4691 247 4723 ⁰
284 4689 406 4746 Urbano
419 4690 558 4746 Textore.
