3500 5367
430 484 483 557 546
810 484 1018 541 mosomum
1038 484 1215 547 tonantum

395 638 533 726 legitur:
554 637 692 706 Titulus
708 636 866 704 ordinum
881 640 921 704 B.
938 639 986 705 M.
1002 639 1043 705 Ρ.
1058 638 1104 707 N.
1118 638 1230 725 lgnat.
1246 637 1402 707 Venetiis
1412 636 1575 713 collatorum,

394 756 438 823 ad
461 753 599 821 titulum
621 752 692 819 voti
721 763 909 840 perpetuae
935 753 1403 841 paupertatis.—Concordat
1420 772 1487 819 cum
1501 747 1576 834 origi·

282 944 284 951 ,
395 869 474 936 nali.
506 867 612 936 Licet
635 868 743 935 Emal.
770 869 896 935 Comes
919 869 964 937 de
991 868 1161 936 Ghistelle
1187 871 1272 937 Not.
1302 871 1424 955 Apost.
1449 856 1577 949 Romaep

397 985 510 1055 Martii
532 1000 628 1069 1522.
762 980 766 999 '
1082 973 1085 979 ’

461 1103 567 1171 Initio
583 1100 690 1186 hujus
705 1101 899 1167 documenti
914 1101 1058 1189 legitur.
1077 1103 1129 1167 Ex
1142 1100 1314 1188 originali.

991 1274 1030 1353 14

465 1404 715 1473 FACULTAS
740 1404 940 1513 IGNATIO
965 1404 1215 1518 CONCESSA
1235 1402 1530 1471 PRAEDlCANDl

632 1540 677 1587 nr
695 1540 902 1587 exanceunr
921 1540 1006 1588 nura
1023 1541 1138 1588 sacrm
1155 1541 1371 1597 urnrsrsnm
1391 1522 1397 1553 ¹

460 1678 694 1766 Hieronymus
710 1680 881 1759 Verallus,
899 1679 987 1745 sacri
1002 1678 1120 1765 palatii
1135 1679 1312 1766 apostolici
1329 1700 1497 1747 causarum
1509 1671 1578 1742 audi·

367 1780 375 1801 ⁵
395 1808 459 1876 tor,
478 1794 686 1863 sanctissimi
699 1795 780 1862 Dni.
796 1795 904 1862 nostri
919 1818 1028 1883 papae
1051 1796 1221 1880 notarius,
1243 1797 1448 1882 capellanus,
1467 1805 1497 1861 et
1508 1812 1578 1878 prae·

394 1914 483 1979 latus
499 1910 720 1993 domesticus,
739 1932 779 1978 ac
795 1910 832 1977 in
848 1922 938 1978 totto
955 1914 1168 1981 Uenetorum
1188 1912 1342 1978 dominio
1359 1933 1436 1979 cum
1453 1916 1579 1997 potestate

392 2026 574 2095 cardinalis
597 2026 703 2112 legati
719 2028 762 2093 de
786 2028 892 2094 latere
912 2028 1049 2113 legatus
1068 2026 1290 2113 apostolicus
1316 2026 1438 2095 dilecto
1462 2018 1578 2090 nobisin

392 2142 531 2209 Christo
549 2141 683 2229 Ignatio
710 2144 753 2209 de
780 2143 929 2229 Loyola,
959 2145 1159 2231 presbytero
1182 2142 1436 2229 panpilonensis
1458 2135 1578 2210 moesis,

393 2256 429 2322 in
444 2256 575 2324 artibus
591 2256 770 2344 magistr0,
789 2258 936 2325 salutem
951 2258 988 2325 in
1003 2258 1151 2325 Domino
1167 2258 1422 2345 sempiternam.

458 2372 613 2457 Dignum
630 2384 664 2441 et
679 2372 892 2441 conueniens
904 2373 1122 2455 arbitramur,
1139 2385 1177 2439 ut
1192 2374 1273 2460 Xpi.
1292 2375 1443 2443 fidelium
1455 2388 1580 2457 quorum·

384 2487 486 2567 libet,
505 2485 640 2554 illorum
656 2488 848 2575 presertim,
867 2510 954 2573 quos
975 2510 1150 2555 sacrarum
1171 2489 1363 2556 litterarum
1385 2488 1494 2576 peritia
1508 2486 1580 2551 deco·

391 2614 455 2684 rat,
471 2603 632 2689 uitaeque
644 2586 827 2671 aemorum
840 2607 1005 2673 honestas
1021 2605 1236 2673 laudabiliter
1247 2608 1580 2686 recomendant,quan·

390 2730 462 2785 tum
481 2718 580 2787 nobis
595 2743 638 2788 ex
654 2720 839 2807 legationis
855 2733 1005 2804 nostrae,
1024 2743 1093 2807 qua
1106 2720 1236 2790 meritis
1248 2721 1328 2789 licet
1341 2714 1581 2789 insufficientium

324 2864 328 2871 ·
391 2835 585 2922 fungimur,
614 2835 722 2902 offitio
750 2836 970 2921 permittitur,
1000 2836 1136 2905 deuotis
1168 2836 1393 2922 petitionibus
1417 2847 1580 2903 annuamus

389 2950 534 3036 illosque
550 2952 703 3038 gratioso
721 2951 838 3019 fauore
855 2952 1116 3039 prosequamur.
1135 2952 1227 3019 Hinc
1243 2963 1296 3020 est
1308 2953 1401 3039 quod
1413 2974 1482 3030 nos,
1495 2947 1581 3014 uolen·

392 3078 442 3133 tes
459 3068 554 3135 teob
571 3068 745 3153 praeclara
760 3066 929 3133 uirtutum
957 3069 1048 3135 dona
1072 3089 1111 3134 ac
1128 3090 1303 3135 sacrarum
1331 3068 1507 3138 litterarum
1520 3056 1582 3147 peti·

392 3182 486 3264 tiam,
505 3180 631 3267 quibus
647 3192 680 3251 te
702 3182 863 3249 nouimus
884 3181 1099 3269 insignitum,
1123 3185 1293 3251 beneuolo
1313 3187 1432 3251 fauore
1446 3171 1580 3267 prosequi·

392 3319 431 3363 ac
448 3308 637 3383 sperantes,
657 3300 749 3383 quod
762 3320 821 3384 per
839 3309 921 3366 tuae
937 3297 1137 3385 diligentiae
1152 3298 1305 3367 studium
1322 3312 1357 3368 te
1373 3300 1455 3367 adeo
1472 3290 1582 3362 fideliter

391 3424 427 3479 et
443 3412 586 3481 sollicite
602 3435 715 3498 gereS,
733 3424 770 3479 ut
786 3426 799 3453 ἃ
816 3413 896 3499 Xpi.
916 3414 1035 3482 fideles
1052 3414 1120 3481 tuis
1136 3415 1444 3501 praedicationibus
1456 3408 1583 3478 assisten-

393 3538 456 3607 teS,
472 3528 540 3593 tuis
557 3528 694 3595 monitis
710 3542 745 3597 et
761 3530 926 3615 exemplis
942 3529 977 3595 in
994 3530 1232 3597 mandatorum
1249 3530 1315 3598 Dei
1331 3524 1529 3598 obseruantia
1541 3520 1582 3584 fit·

390 3642 510 3710 miusb
531 3644 781 3725 corroborabis‚
810 3644 998 3732 apostolica
1024 3645 1222 3728 autoritate,
1240 3668 1309 3731 qua
1337 3645 1511 3733 fungimur,
1529 3632 1581 3706 titi,

391 3770 428 3824 ut
445 3758 479 3824 in
494 3758 768 3845 quibuscumque
780 3761 935 3831 ecclesiis
950 3773 986 3829 et
998 3762 1094 3845 locis,
1114 3761 1313 3829 monialium
1326 3764 1493 3829 dumtaxat
1506 3771 1582 3823 exet

390 3873 470 3960 ptiS,
485 3876 528 3942 ad
541 3874 575 3941 id
588 3874 731 3955 idoneis,
747 3874 930 3961 legationis
942 3889 1078 3943 nostrae
1090 3876 1248 3957 subditis,
1263 3877 1324 3943 ubi
1331 3875 1505 3946 beneuolos
1513 3870 1572 3935 ime

390 3989 481 4057 neris
499 4002 704 4077 receptores,
723 3992 844 4058 missas
865 4004 900 4060 et
916 3993 980 4058 alia
997 3992 1114 4059 diuina
1131 3992 1237 4060 offitia
1254 3994 1438 4070 celebrare,
1456 3981 1582 4057 eccltsla·

388 4104 475 4172 stica
492 4118 705 4175 sacramenta
725 4106 931 4189 ministrare,
956 4130 996 4175 ac
1018 4106 1256 4195 euangelicam
1272 4108 1386 4195 legem
1408 4105 1581 4180 uerumque

391 4220 455 4289 Dei
472 4222 551 4308 Xpi.
572 4225 699 4310 populo
716 4222 925 4309 praedicare,
940 4246 1124 4309 sacrasque
1140 4224 1270 4291 litteras
1285 4223 1421 4310 publice
1435 4232 1468 4289 et
1481 4215 1582 4305 priuatt

393 4337 591 4347 ---..—-—...

438 4396 452 4425 α
472 4390 502 4437 et
516 4382 721 4437 Bollandiaui
737 4384 856 4439 Patres.
894 4387 946 4427 -b
959 4382 1105 4441 firmimus
1118 4402 1174 4439 ms.

441 4530 448 4561 ¹
487 4524 532 4581 Ei
547 4526 695 4598 originali,
710 4526 740 4581 in
759 4526 831 4585 Cod.
846 4528 937 4583 Rom.
955 4521 998 4591 II,
1012 4544 1044 4582 n.
1057 4526 1197 4599 XXXVI,
1207 4526 1319 4600 duplici
1333 4526 1412 4593 folio,
1423 4525 1506 4600 altero
1519 4526 1581 4589 pm

384 4614 502 4671 Editum
516 4614 572 4670 fuit
585 4618 642 4671 hoc
655 4624 880 4672 monumentum
894 4616 925 4671 in
940 4634 1030 4689 opere
1044 4619 1119 4672 Acta
1140 4617 1337 4683 sanctorum,
1355 4616 1508 4674 Comment.
1523 4618 1582 4679 put·

387 4720 446 4774 vro,
461 4722 511 4759 nn.
528 4716 659 4774 25z·254.
