3500 5367
357 489 585 547 Mauoaaartm
606 500 648 543 ou
668 488 700 545 S.
721 488 855 545 lonasto
874 502 894 544 Α
915 488 948 543 Ρ.
969 489 1126 547 Laumcro
1142 502 1310 547 cortuum
1363 506 1417 563 525

336 765 340 771 .,
379 739 402 771 ,-
596 744 601 753 -
659 750 662 757 ,
812 690 851 773 to
911 692 915 697 ’
1023 724 1031 745 ·

345 792 350 804 ’
402 824 732 917 memoramus
756 825 820 889 ou
843 826 1035 911 sancto
1060 826 1263 938 mutuo

527 953 547 994 Α
566 952 595 995 e.
611 950 751 995 urcotao
770 950 922 995 taucrcro
940 951 1107 996 correcta
1122 942 1129 974 ¹

278 1224 443 1291 Nicolaus
460 1224 654 1309 Lancicius,
683 1226 900 1312 praepositus
927 1225 1147 1312 prouincialis
1172 1228 1449 1319 SocietatisJesu

208 1341 246 1405 in
265 1340 443 1426 prouincia
460 1340 664 1407 Lithuaniae
681 1342 718 1410 S.
738 1343 772 1429 J.

280 1456 475 1523 Periculum
493 1455 596 1536 uitae,
615 1458 658 1523 ad
674 1458 767 1543 quod
783 1480 837 1527 me
854 1448 1058 1545 praeteritae
1079 1460 1305 1543 infirmitates,
1325 1463 1449 1541 diuino

206 1570 380 1639 beneficio
396 1571 461 1637 iarn
479 1571 665 1654 discussae,
684 1573 912 1656 adduxerant,
930 1585 965 1642 et
978 1574 1071 1643 uitae
1087 1598 1127 1643 ac
1139 1570 1302 1645 sanitatis
1310 1579 1448 1666 longio-

208 1688 269 1769 ris,
284 1688 348 1754 etsi
363 1688 429 1753 iam
444 1688 594 1773 perfecte
610 1699 844 1774 recuperatae,
858 1688 1065 1757 incertitudo
1081 1712 1137 1760 me
1154 1693 1328 1775 admonet,
1348 1710 1387 1762 ut
1403 1698 1448 1763 ad

207 1814 409 1889 perpetuam
427 1804 475 1868 rei
503 1803 699 1871 memoriam
727 1804 875 1892 posteris
891 1806 1017 1873 nostris
1045 1792 1208 1877 nonnulla
1237 1810 1442 1896 relinquam,

207 1921 278 1985 hoc
293 1918 423 2005 scripto
439 1942 458 1985 a
483 1941 536 1985 me
556 1921 888 2010 comprehendenda,
906 1942 996 2006 quae
1015 1921 1092 1989 illos
1116 1922 1150 1989 in
1168 1935 1329 2012 suscepto
1353 1927 1447 1995 uitae

163 2010 167 2017 ’
208 2032 393 2121 religiosae
424 2045 516 2101 statu
544 2035 578 2102 in
606 2038 671 2103 hac
698 2047 816 2103 sancta
843 2036 1015 2105 Societate
1037 2040 1122 2126 Jesu
1149 2041 1260 2127 magis
1291 2041 1444 2111 stabilire

209 2160 352 2233 queant.
1194 2151 1200 2159 ’

276 2266 365 2332 Cum
378 2266 468 2332 enim
480 2288 585 2353 prope
593 2265 915 2354 quinquagesimum
927 2268 962 2335 in
974 2271 1040 2337 hac
1051 2263 1170 2337 sancta
1179 2264 1446 2363 SocietateJesu

205 2403 339 2456 annum
354 2382 534 2470 attingam,
552 2393 587 2450 et
599 2404 660 2469 per
676 2382 922 2471 annosviginti
938 2387 1066 2454 Romae
1082 2386 1228 2455 diuersis
1250 2388 1385 2456 uicibus
1400 2413 1442 2457 ac

206 2496 242 2563 in
256 2496 404 2565 diuersis
419 2496 603 2564 domiciliis
622 2498 814 2584 officiisque
831 2500 1026 2583 manserim,
1048 2513 1084 2568 et
1104 2503 1171 2568 hac
1193 2504 1374 2574 occasione
1390 2506 1444 2573 fa-

205 2611 384 2680 miliariter
404 2612 534 2699 egerim
561 2635 641 2679 cum
667 2612 859 2701 praecipuis
887 2613 1068 2683 uniuersae
1095 2616 1277 2685 Societatis
1305 2630 1443 2698 nostrae

204 2726 375 2815 personis
401 2728 504 2795 etiam
528 2752 578 2799 ex·
591 2730 695 2796 ludiis
722 2729 946 2797 orientalibus
972 2741 1008 2799 et
1034 2730 1315 2815 occidentalibus,
1339 2732 1451 2821 saepe

200 2842 321 2910 missis
340 2845 384 2910 ad
410 2844 699 2931 congregationes
725 2857 998 2931 procuratorum,
1027 2848 1122 2915 etad
1149 2858 1219 2917 tres
1245 2841 1440 2935 generales

201 2960 374 3045 quintam,
393 2970 523 3051 sextam
542 2973 590 3053 et!
605 2960 795 3047 septimam,
825 2962 933 3029 multa
959 2951 1155 3046 obseruaui,
1184 2963 1301 3030 audiui
1316 2976 1351 3031 et
1367 2966 1438 3052 legi

199 3076 297 3142 circa
312 3096 367 3143 res
382 3086 417 3144 et
433 3096 597 3162 personas
612 3086 749 3145 nostrae
765 3054 948 3146 Societatis
959 3080 1055 3167 Jesu.
1081 3082 1264 3147 Praeterea
1284 3102 1362 3147 cum
1379 3102 1442 3168 per

201 3193 323 3278 plures
338 3213 440 3277 quam
457 3214 517 3259 sex
530 3212 639 3259 annos
655 3192 777 3262 fuerim
794 3192 891 3260 iussu
907 3195 1090 3261 admodum
1111 3196 1154 3264 R.
1173 3198 1212 3261 Ρ.
1237 3198 1278 3263 Ν.
1301 3197 1438 3264 Claudii

201 3306 424 3392 Aquauiuae,
441 3304 625 3395 praepositi
641 3308 811 3394 generalis
824 3320 962 3377 nostrae
978 3308 1172 3392 Societatis,
1187 3305 1378 3396 adjutorii.
1396 3316 1439 3380 P.

199 3422 338 3491 Nicolai
355 3422 536 3490 Orlandini
558 3408 594 3493 in
615 3423 809 3511 colligenda
830 3424 975 3492 materia
990 3446 1053 3512 pro
1073 3426 1185 3511 primo
1203 3438 1299 3494 torno
1320 3428 1441 3497 Socie-

199 3538 286 3607 tatis
301 3538 474 3621 historiae,
492 3539 536 3606 ab
552 3561 594 3605 eo
614 3538 803 3625 composito
823 3552 858 3607 et
879 3553 1001 3627 postea
1020 3542 1200 3628 imptesso,
1223 3543 1440 3630 quampluri-

198 3676 260 3723 ma
274 3654 345 3741 legi
362 3655 477 3741 magni
494 3655 656 3722 momenti
677 3654 713 3721 in
733 3654 911 3742 scripturis
935 3656 1033 3724 nobis
1059 3657 1277 3738 concreditis,
1304 3646 1376 3725 turn
1395 3682 1439 3727 ex

197 3771 356 3840 archiuio
371 3771 545 3838 communi
563 3770 668 3838 totius
684 3770 865 3840 Societatis
883 3773 1012 3841 Romae
1027 3772 1209 3857 existente,
1228 3784 1300 3840 tum
1323 3796 1368 3841 ex
1383 3798 1440 3843 se-

196 3886 347 3955 cretiore
368 3886 433 3953 alio
457 3886 607 3973 ipsorum
635 3886 909 3974 praepositorum
937 3887 1162 3975 generalium,
1193 3900 1266 3955 tum
1293 3910 1336 3957 ex
1361 3890 1441 3957 aliis

196 4002 381 4089 scripturis
396 4004 540 4069 Romam
556 4003 599 4069 ad
615 4000 847 4088 praepositum
860 4004 1055 4089 generalem
1072 4003 1197 4088 missis,
1211 4005 1436 4092 suppeditan-

197 4122 296 4188 tibus
312 4120 487 4188 materiam
504 4120 707 4187 scribendae
722 4104 885 4187 historiae
905 4108 1043 4189 nostrae
1059 4120 1252 4189 Societatis.
1277 4124 1436 4208 Insuper,

196 4259 280 4304 cum
298 4238 426 4306 Romae
442 4218 477 4302 et
492 4234 573 4303 alibi
591 4233 747 4304 nouerim
764 4235 900 4302 circiter
920 4234 1072 4322 triginta,
1096 4236 1218 4323 partim
1239 4240 1439 4305 sacerdotes

254 4456 261 4485 ¹
301 4451 346 4505 Ex
358 4450 530 4523 archetypo,
544 4448 622 4505 iuter
637 4448 759 4521 Scripta
769 4450 962 4522 autographo
974 4450 1010 4506 P.
1025 4450 1171 4516 Lancicir',
1183 4450 1214 4506 S.
1221 4451 1267 4520 J„
1279 4468 1355 4523 quae
1366 4449 1437 4505 olim

195 4542 228 4597 iu
239 4540 362 4595 archivo
373 4555 492 4596 romano
505 4538 536 4595 S.
552 4540 580 4609 J·
599 4540 804 4594 servabantur.
823 4538 949 4595 Constat
965 4537 1075 4612 duplici
1094 4539 1174 4608 folio.
1195 4541 1332 4611 Magnam
1350 4540 1439 4610 hujus

194 4630 382 4685 monumenti
391 4636 509 4703 partera
527 4629 619 4684 habes
633 4626 664 4683 in
677 4643 765 4699 opere
779 4627 811 4681 P.
828 4626 969 4697 Lancicii,
983 4628 1032 4684 cui
1046 4630 1131 4685 titulo
1144 4638 1200 4685 est:
1217 4630 1262 4683 De
1276 4633 1439 4702 praestan-

195 4722 243 4776 tia
258 4718 395 4773 instituti
409 4718 566 4773 societatis
573 4717 664 4789 Jesu.
701 4704 703 4709 ¹
