3500 5367
351 498 354 505 -
412 462 464 535 364
789 467 997 523 Mouuuesrn
1016 468 1195 523 louarnun

373 620 466 703 quod
481 618 539 686 ubi
557 622 661 687 Pater
677 618 828 701 resciuit,
846 620 1057 706 poenitentia
1073 620 1162 701 illos,
1182 632 1217 688 et
1233 620 1428 706 superiores
1443 621 1505 705 qui
1521 640 1600 686 con-

376 747 566 815 senserant,
584 734 672 834 affici
694 734 805 816 iussit,
822 747 857 802 et
879 715 1034 823 regulam
1051 736 1167 816 scribi,
1186 759 1230 804 ne
1245 737 1409 823 deinceps
1423 736 1599 821 quisquam

375 849 551 931 uiaticum,
581 850 742 919 ecclesias
768 853 989 932 lustraturus,
1012 853 1211 931 adueheret,
1236 863 1379 938 propter
1404 852 1600 919 scandalum

376 988 508 1047 eorum,
526 966 584 1052 qui
601 966 756 1035 viderent
772 978 932 1035 oneratos
951 968 1029 1034 cibo
1044 966 1200 1035 homines
1216 968 1259 1033 de
1280 967 1454 1039 Societate
1480 969 1601 1053 templa

376 1081 696 1149 circumcursantes.
713 1084 802 1150 Cum
815 1094 931 1151 autem
943 1104 981 1151 se
992 1094 1105 1151 rector
1120 1082 1257 1169 collegii
1274 1082 1500 1163 ''excusaret,
1515 1084 1600 1167 quod

375 1210 411 1266 et
427 1219 540 1265 nouus
555 1210 646 1265 esset
666 1210 701 1265 et
723 1200 822 1266 talem
844 1198 1128 1267 consuetudinem
1152 1197 1354 1278 inuenisset,
1379 1202 1482 1266 Pater
1499 1220 1599 1266 excu-

376 1313 543 1383 sationem
559 1335 628 1381 non
641 1314 789 1394 admisit,
804 1314 922 1381 dicens
934 1313 1085 1380 officium
1102 1311 1244 1381 rectoris
1258 1335 1347 1394 esse,
1361 1312 1488 1398 siquid
1501 1335 1597 1400 praue

378 1430 532 1497 inolitum
550 1429 756 1517 reperiisset,
775 1429 985 1517 superiorem
1001 1430 1203 1511 admonere;
1215 1452 1293 1497 nam
1310 1452 1413 1515 saepe
1428 1452 1472 1497 ex
1489 1428 1599 1515 paruis

376 1543 549 1633 principiis
564 1550 711 1631 magnae
724 1545 881 1612 oriuntur
897 1545 1169 1631 perturbationes
1185 1558 1200 1595 ⁸
1214 1557 1249 1614 et
1265 1545 1490 1613 calamitates.
1507 1545 1597 1628 initio

374 1660 466 1728 enim
479 1659 661 1745 aliquando
677 1660 805 1747 aliquid
821 1672 924 1729 tenue
940 1671 975 1730 et
987 1661 1213 1748 perexiguum
1228 1661 1441 1742 conceditur,
1456 1661 1502 1727 ad
1514 1658 1597 1745 quod

380 1777 540 1863 paulatim
564 1778 656 1844 aliud
684 1776 853 1859 adiicitur,
883 1789 918 1844 et
946 1778 1084 1846 tandem
1111 1799 1155 1844 ex
1179 1776 1327 1845 minimis
1353 1778 1442 1843 fiunt
1458 1776 1597 1842 maxima

378 1914 562 1979 progressu
576 1892 748 1979 temporis
763 1914 803 1960 ac
819 1894 857 1959 fit
869 1892 1082 1961 intolerabile
1095 1894 1187 1979 quod
1200 1892 1366 1979 principio
1380 1892 1515 1959 tolerari
1527 1903 1595 1977 pot-

377 2021 463 2077 erat:
475 1988 531 2077 'sic
547 2008 581 2075 in
598 2010 672 2095 ipso
684 2008 866 2077 societatis
882 2007 1033 2089 exordio,
1048 2010 1130 2075 dum
1143 2008 1250 2075 nostri
1262 2009 1420 2111 homines
1437 2006 1595 2093 incogniti

332 2102 334 2109 Ι
379 2136 507 2203 essent,
527 2134 601 2191 tuto
618 2126 685 2191 hoc
701 2124 775 2193 fieri
792 2135 936 2211 poterat,
951 2146 1044 2190 nunc
1061 2136 1175 2192 autem
1197 2127 1370 2193 non—R.

447 2233 503 2323 56.Ι
549 2242 677 2327 Atque,
693 2250 731 2307 ut
747 2261 848 2326 quam
864 2261 1006 2307 seuerus
1022 2241 1124 2307 fuerit
1142 2243 1245 2307 Pater
1259 2240 1458 2326 disciplinae
1474 2249 1590 2306 custos.
1682 2299 1683 2312 ,

379 2368 414 2423 et
438 2355 616 2443 religiosae
638 2356 879 2424 obseruantiae
901 2356 1035 2443 rigidus
1059 2366 1197 2423 exactor
1220 2354 1465 2441 intelligamus,
1489 2374 1592 2421 exem·

379 2474 473 2558 plum
490 2471 666 2539 subiiciam
683 2472 914 2541 memorabile.
934 2473 1023 2539 Cum
1039 2472 1177 2557 quidam
1194 2474 1309 2551 Pater,
1328 2482 1476 2538 uocatus
1488 2470 1529 2536 ad
1539 2488 1592 2533 au·
1682 2509 1684 2562 ἶ

379 2588 539 2657 diendam
554 2586 803 2655 consessionem
821 2586 985 2670 mulieris,
1003 2586 1077 2657 sine
1093 2587 1217 2656 comite
1234 2589 1336 2675 (quod
1359 2585 1374 2627 ¹¹
1397 2585 1512 2653 statim
1535 2604 1592 2650 non
1682 2573 1684 2650 l

381 2703 582 2790 reperiisset)
599 2702 730 2784 iuisset,
748 2702 845 2788 isque
859 2714 951 2770 esset
967 2702 1003 2770 in
1019 2726 1120 2790 quem
1136 2704 1228 2769 nulla
1244 2702 1400 2789 suspitio,
1422 2702 1536 2767 nullus
1552 2698 1590 2763 si-

381 2820 486 2887 nister
502 2840 618 2886 rumcr
635 2830 748 2903 posset
764 2818 899 2901 cadere,
918 2820 978 2887 sed
994 2820 1135 2907 egregia
1155 2819 1326 2904 probitate
1346 2832 1380 2884 et
1401 2818 1508 2904 longa
1525 2834 1591 2901 pro·
1681 2857 1682 2942 p

380 2937 478 3001 batae
506 2934 643 3001 uirtutis
670 2934 882 3021 experientia
900 2934 1121 3021 conspicuus,
1148 2945 1186 3002 ut
1209 2946 1324 3001 tamen
1348 2934 1495 3021 posteris
1515 2938 1591 2998 esset
1681 2945 1682 2994 t

378 3051 546 3137 exemplO,
560 3062 595 3117 et
607 3051 641 3116 in
655 3072 691 3145 re
703 3050 910 3136 grauissima
920 3050 1003 3118 nibil
1014 3053 1110 3117 fluxu
1125 3050 1298 3136 temporis,
1310 3049 1436 3115 iniuria
1448 3042 1589 3134 supen'o·
1681 3027 1683 3174 Ι

380 3188 467 3247 rum,
486 3168 529 3234 de
545 3187 678 3233 summa
694 3166 934 3235 obseruatione
950 3168 1172 3248 relaxaretur,
1190 3167 1285 3235 iubet
1303 3170 1405 3233 Pater
1422 3177 1461 3231 ut
1475 3163 1529 3230 ille
1542 3180 1589 3225 co·

380 3304 449 3349 ram
480 3283 499 3348 8
527 3280 762 3350 sacerdotibus
789 3304 826 3348 se
853 3282 999 3369 flagellis
1025 3284 1147 3349 caedat
1173 3282 1350 3368 tantisper,
1373 3283 1455 3347 dum
1479 3270 1588 3362 singul
1680 3315 1681 3336 2

381 3399 575 3466 sacerdotes
591 3398 745 3484 singulos
762 3400 911 3484 psalmos
925 3421 964 3467 se
979 3398 1199 3484 insequentes
1214 3398 1396 3466 recitarent
1411 3396 1430 3461 ¹.
1440 3398 1520 3461 -R.

450 3530 503 3596 57.
552 3512 643 3579 Huic
655 3514 757 3581 affine
769 3525 821 3582 est
833 3514 926 3581 aliud
937 3516 1142 3601 exemplum,
1157 3514 1338 3599 quodcum
1353 3516 1456 3580 Pater
1468 3514 1510 3578 D.
1520 3506 1587 3575 Die·

381 3630 489 3715 gode
509 3628 601 3697 Guia
620 3628 817 3716 simpliciter
837 3631 1021 3696 admodum
1041 3640 1077 3697 et
1102 3631 1273 3699 feruenter
1295 3632 1339 3697 de
1363 3632 1467 3695 Patre
1489 3634 1587 3693 nostru

381 3744 590 3829 loqueretur,
609 3766 756 3829 eumque
773 3744 865 3811 miris
881 3745 1040 3813 laudibus
1056 3745 1091 3810 in
1108 3746 1241 3813 coelum
1262 3745 1378 3823 ferret,
1399 3755 1434 3811 et
1454 3743 1525 3811 eius
1541 3758 1587 3803 ze-

380 3861 451 3926 lum
467 3870 502 3925 et
517 3858 771 3947 hyperbolicam
787 3860 995 3929 locutionem
1011 3860 1180 3941 nonnulli,
1199 3860 1257 3945 qui
1275 3862 1331 3929 uel
1346 3881 1414 3926 non
1434 3854 1587 3940 intellige

378 3977 474 4056 bant,
495 3976 549 4043 uel
565 3997 633 4042 non
655 3976 857 4061 probabant,
876 3976 1037 4043 aliorsum
1053 3976 1370 4062 interpretarentur,
1387 3974 1487 4041 iussit
1502 3972 1587 4039 Pater

380 4102 418 4157 ut
435 4090 544 4157 tribus
559 4091 681 4157 dicbus
697 4112 735 4157 se
753 4090 899 4177 flagellis
920 4094 1116 4161 uerberaret
1136 4113 1198 4178 per
1217 4091 1365 4178 spatium
1389 4090 1490 4157 trium
1512 4082 1584 4173 psal·

378 4227 510 4272 morum
527 4204 673 4291 singulis
688 4204 822 4285 diebus,
837 4206 879 4273 iis
891 4207 1121 4289 audientibus,
1135 4206 1194 4292 qui
1209 4207 1485 4285 offendebantur3
1498 4214 1584 4282 utque

384 4348 593 4357 1-—10--—·—-—-

431 4428 445 4465 s
484 4412 568 4493 Quae
584 4416 755 4482 sequuntur
771 4429 864 4483 usqua
881 4413 923 4467 ad
934 4412 1032 4485 finem
1048 4412 1245 4486 paragraphi
1261 4412 1431 4467 cancellata
1447 4413 1525 4465 sunt.
1557 4426 1584 4441 ·

377 4503 391 4543 ¹³
413 4500 629 4557 Emendatum:
637 4500 729 4574 prius
740 4518 839 4573 quem.
878 4504 921 4544 -i
940 4502 1070 4573 sequens
1081 4503 1302 4575 paragraphus
1314 4499 1497 4556 cancellatus
1506 4498 1555 4559 esl-

417 4690 439 4722 Ν
477 4688 509 4744 P.
524 4686 717 4745 Sebastianus
731 4690 891 4772 Romaeus7
