3500 5367
404 455 457 515 5⁰4
784 410 992 499 llosuuirnrn
1011 443 1193 499 Iuniarum

369 606 446 663 ctus
466 604 502 665 et
524 615 605 661 uasa
627 604 776 663 testacea
803 594 963 675 misisset,
991 605 1133 663 sanctus
1154 598 1257 664 Pater
1271 595 1384 664 noluit
1399 618 1437 665 ea
1452 617 1470 663 a
1484 596 1557 661 dono

347 778 353 789 ,
370 712 523 799 professa
539 710 656 797 recipi,
673 712 735 781 sed
750 711 794 779 ad
809 710 994 798 collegium
1010 711 1114 793 misit,
1132 712 1253 779 nolens
1268 712 1343 781 aliis
1359 711 1460 779 modis
1470 711 1559 777 domos

369 850 389 895 a
404 825 560 914 collegiis
580 824 705 909 iuuari,
723 848 826 913 quarn
842 827 960 895 dando
979 836 1101 907 mutuo
1115 826 1245 912 aliquid
1264 829 1309 895 ad
1328 830 1431 895 breue
1448 836 1557 911 tempus.

370 944 471 1035 Hanc
486 944 531 1009 ob
551 963 705 1025 causam,
727 943 865 1028 quando
880 964 941 1029 pro
958 964 1025 1009 usu
1047 941 1192 1009 alicuius
1207 942 1333 1009 infirmi
1348 943 1384 1011 in
1399 944 1486 1009 domo
1501 960 1559 1026 pro·

370 1061 461 1127 fessa
477 1058 559 1127 uino
574 1058 710 1145 collegii
727 1080 814 1147 opus
829 1069 915 1139 erat,
933 1070 1074 1126 sanctus
1088 1062 1191 1126 Pater
1207 1059 1408 1127 tantundem
1422 1058 1560 1126 eudemus

371 1174 453 1242 uino
468 1175 511 1240 ad
528 1172 712 1261 collegium
729 1196 790 1261 per
806 1176 947 1241 modum
963 1174 1241 1243 commutationis
1255 1174 1424 1245 mittebat.

437 1291 525 1357 Cum
542 1290 681 1375 quidam
697 1289 757 1357 uni
771 1312 791 1359 e
809 1290 935 1358 nostris
952 1302 1081 1359 certam
1093 1289 1262 1377 pecuniae
1274 1286 1561 1358 summamdediuet

371 1406 407 1472 in
422 1404 478 1492 pia
493 1426 596 1491 opera
617 1404 893 1492 impendendam,
911 1417 947 1475 et
961 1416 1095 1492 partem
1111 1406 1230 1473 domui
1245 1408 1420 1492 professae
1432 1402 1561 1471 destinas·

370 1531 436 1603 set,
453 1521 523 1589 imo
538 1522 574 1589 in
595 1533 765 1609 potestate
785 1521 876 1590 illius
901 1521 1008 1590 nostri
1029 1522 1224 1608 reliquisset
1243 1533 1294 1603 ut,
1313 1522 1343 1588 si
1360 1523 1468 1599 uellet,
1483 1528 1561 1585 totam

372 1635 463 1704 illam
479 1637 659 1723 pecuniam
676 1637 802 1705 nostris
818 1638 1000 1705 domiciliis
1015 1639 1126 1719 daret,
1148 1649 1290 1705 sanctus
1311 1640 1415 1705 Pater
1432 1632 1522 1704 uetuit
1532 1652 1563 1697 oe

373 1751 433 1819 ulli
447 1774 587 1839 prorsus
603 1752 775 1821 domicilio
791 1764 910 1820 nostro
925 1737 1110 1839 quicquam
1125 1776 1168 1820 ex
1183 1775 1224 1820 ea
1240 1756 1387 1840 pecunia
1396 1754 1524 1828 daretur,
1536 1759 1562 1810 ut

371 1879 464 1935 esset
479 1869 523 1934 ab
540 1868 634 1935 omni
649 1868 765 1955 specie
781 1867 947 1935 auaritiae
962 1868 1202 1937 alienissimus.

439 1983 612 2069 Cupiebat
628 1983 844 2077 exactissime
859 1984 992 2052 seruari
1007 1983 1133 2064 omnia,
1151 2006 1241 2070 quae
1256 1984 1300 2050 ad
1316 1983 1410 2053 uitae
1424 1980 1562 2067 religiosae

372 2098 588 2184 disciplinam
610 2110 644 2165 et
665 2099 911 2185 perfectionem
938 2101 1157 2186 spectabant3
1186 2100 1281 2181 ideo,
1309 2098 1376 2169 etsi
1403 2094 1563 2167 suavissim

372 2214 573 2300 procederet
589 2233 668 2279 cnm
684 2214 844 2281 omnibus
858 2226 895 2281 et
908 2236 1028 2283 omnes
1044 2215 1226 2285 tenerrime
1240 2215 1414 2302 diligeret,
1434 2212 1478 2281 uti
1489 2228 1563 2296 supra

375 2327 535 2409 uidimus,
554 2330 711 2397 delectus
733 2341 847 2399 tamen
867 2330 1010 2415 quosuis
1029 2352 1152 2399 seuere
1168 2330 1347 2415 puniebat,
1369 2342 1405 2398 et
1424 2350 1476 2417 pro
1489 2326 1563 2395 rebus

375 2444 489 2531 paruis
506 2445 669 2513 maximas
681 2466 784 2531 saepe
796 2445 1025 2532 poenitentias
1036 2445 1252 2533 iniungebat,
1267 2447 1389 2515 uolens
1400 2460 1564 2513 omnesesse

374 2559 448 2628 sine
464 2562 598 2628 macula
610 2572 645 2627 et
661 2582 761 2648 ruga,
780 2563 873 2647 quod
888 2584 932 2628 ex
948 2561 1043 2631 hisce
1057 2561 1223 2649 exemplis
1238 2562 1428 2649 apparebit.

439 2676 478 2745 Si
494 2676 570 2761 quis
583 2676 724 2744 dixisset
740 2676 900 2760 uerbum,
913 2677 1062 2763 aliquam
1075 2676 1234 2745 iniuriam
1245 2677 1451 2763 praeferens,
1462 2670 1565 2741 ordina·

376 2794 468 2862 tione
484 2793 610 2879 scripta
626 2793 784 2880 imposita
801 2804 874 2863 erat
895 2793 972 2860 talis
992 2793 1215 2880 poenitentia,
1238 2804 1278 2860 ut
1297 2814 1357 2880 per
1379 2812 1399 2877 3
1419 2790 1565 2859 hebdom·

374 2910 436 2976 das
452 2908 563 2975 tribus
578 2908 700 2977 diebus
716 2908 750 2974 in
767 2910 984 2977 hebdomada
999 2910 1180 2996 prandium
1195 2920 1232 2977 et
1243 2930 1386 2977 coenam
1397 2912 1526 2977 sumeret
1536 2896 1566 2963 ad

377 3047 516 3111 paruam
534 3046 701 3106 mensam,
720 3038 755 3093 et
770 3036 905 3095 careret
918 3026 1013 3094 omni
1027 3024 1095 3093 alio
1110 3024 1188 3093 cibo
1203 3047 1267 3095 seu
1289 3025 1430 3107 ferculo,
1450 3020 1500 3090 sed
1512 3028 1566 3083 tan·

375 3150 447 3209 turn
465 3162 565 3227 pane,
585 3151 619 3211 et
637 3140 732 3221 uino,
750 3152 786 3208 et
801 3150 973 3210 menestra
990 3162 1053 3211 seu
1068 3142 1161 3211 olere
1176 3152 1268 3211 esset
1284 3150 1474 3209 contentus.

443 3256 514 3343 Qui
531 3258 761 3343 alloqueretur
776 3257 939 3343 aliquem,
953 3278 1057 3344 quem
1072 3257 1199 3343 alloqui
1215 3278 1285 3325 non
1299 3258 1458 3337 debebat,
1471 3252 1529 3321 sine
1540 3245 1567 3311 li·

377 3372 503 3452 centia,
526 3372 582 3439 uel
610 3371 782 3457 publicam
810 3373 845 3439 in
861 3374 1041 3441 refectorio
1067 3373 1206 3441 subibat
1224 3372 1449 3461 disciplinam,
1469 3367 1512 3435 uel
1527 3380 1569 3450 per

379 3488 531 3555 triduum
548 3488 592 3553 ad
612 3508 752 3572 paruam
773 3509 927 3555 mensam
949 3510 1039 3575 pane
1058 3500 1094 3557 et
1121 3510 1221 3574 aqua,
1239 3489 1297 3557 uel
1312 3510 1402 3575 pane
1420 3498 1453 3555 et
1467 3482 1568 3551 uinoac

379 3604 452 3672 sola
467 3613 653 3683 menestra,
670 3625 732 3690 pro
747 3603 889 3671 arbitrio
905 3604 1104 3690 superioris,
1120 3615 1329 3673 uesceretur.
1344 3606 1423 3673 Non
1438 3588 1569 3670 obedienti

379 3738 518 3805 prorsus
534 3718 646 3785 omnis
665 3718 763 3786 cibus
783 3742 825 3787 eo
845 3718 902 3785 die
922 3721 1128 3806 negabatur,
1147 3730 1237 3787 utet
1251 3720 1312 3802 illi,
1330 3720 1390 3806 qui
1409 3714 1494 3807 [sine]
1506 3711 1569 3777 iusti

379 3854 484 3901 causa
511 3835 787 3902 communionem
814 3833 1001 3916 omisisset,
1032 3837 1087 3905 uel
1114 3834 1174 3922 qui
1200 3828 1570 3904 nonsuisseteonfess113

381 3962 532 4036 tempore
548 3950 613 4017 sibi
628 3972 691 4036 pro
707 3950 923 4020 confessione
936 3950 1125 4037 assignato.

448 4068 537 4135 Cum
556 4070 658 4135 Pater
675 4066 895 4153 prouincialis
920 4066 1055 4137 Siciliae
1078 4071 1103 4103 ¹³
1120 4090 1189 4135 non
1205 4080 1297 4138 esset
1317 4078 1479 4139 executus
1490 4052 1569 4145 quod·

379 4184 458 4250 dam
474 4182 539 4250 sibi
555 4206 575 4251 a
590 4195 710 4251 sancto
724 4184 827 4249 Patre
843 4181 1047 4263 iniunctum,
1061 4184 1171 4266 iussit,
1185 4184 1221 4253 in
1235 4185 1363 4253 uirtute
1373 4193 1501 4252 sanctae
1512 4172 1570 4241 obe·

380 4298 530 4379 dientae,
547 4310 587 4364 ut
614 4296 736 4384 quauis
764 4298 981 4367 hebdomada
1007 4300 1115 4367 semel
1141 4298 1309 4369 ieiunaret
1328 4300 1364 4367 in
1385 4300 1454 4366 solo
1467 4288 1571 4382 pared

383 4414 465 4482 uino
482 4425 516 4483 et
537 4426 709 4484 menestra
725 4436 786 4483 seu
815 4416 921 4498 olere,
939 4426 974 4483 et
994 4438 1056 4503 per
1082 4418 1251 4504 psalmum
1273 4416 1434 4486 Miserere
1450 4400 1570 4480 secede·

435 4664 459 4699 ⁶⁵
496 4666 695 4739 Hieronymus
708 4668 929 4724 Domeneccus.
