3500 5367
350 447 388 503 28
734 446 942 501 Monuuanan
961 444 1142 503 lanariam

315 608 377 672 tos,
392 614 453 674 que
466 617 541 658 aora
554 600 665 658 llaman
679 599 719 657 de
732 599 761 657 la
780 598 953 674 Compania
966 597 1007 655 de
1022 596 1110 663 lits.»
1126 599 1162 656 ln
1181 598 1321 672 sequenti
1336 599 1387 657 iol.
1402 601 1479 657 haec
1493 598 1555 655 alia

317 708 484 783 inscriptio:
501 708 670 765 «Processu
685 707 812 783 original
826 725 846 783 y
860 706 996 765 traslado
1010 705 1165 765 autentico
1180 706 1221 764 de
1240 724 1282 764 vn
1297 707 1402 782 pleyto
1417 707 1555 765 criminal

318 834 338 890 y
355 832 487 873 examen
506 815 547 872 de
561 833 598 872 su
611 815 683 873 vida
698 815 738 872 de
756 822 882 877 uuestro
898 823 1005 873 saneto
1024 814 1122 872 Padre
1141 814 1268 890 lgnacio
1287 832 1348 887 que
1367 832 1401 872 se
1423 815 1492 887 hiqo
1511 831 1553 871 en

318 916 426 980 Alclla
441 922 564 980 cuando
579 921 740 979 estudiaba
754 938 793 979 en
809 920 895 980 ella.»

381 1028 456 1086 Post
468 1030 545 1086 haec
570 1040 602 1101 15
625 1028 666 1099 ii,
686 1028 743 1085 alia
768 1044 799 1085 11
821 1028 852 1087 ff.
876 1036 1046 1103 sequuntur
1063 1029 1198 1086 numeris
1217 1005 1280 1085 non
1299 1028 1451 1100 distincta,
1471 1045 1553 1101 quae

317 1134 481 1193 continent
495 1136 662 1209 sequentia:
683 1142 751 1193 Lam
766 1134 817 1194 fol.
832 1137 914 1193 bunc
928 1134 1056 1193 titulum:
1070 1135 1240 1194 «Traslado
1251 1136 1339 1193 deste
1351 1152 1482 1210 proceso
1493 1136 1553 1193 ori-

317 1242 402 1319 ginal
418 1242 458 1299 de
472 1244 571 1317 mejor
584 1242 660 1300 letra
674 1241 714 1299 de
729 1242 758 1299 la
772 1242 974 1300 informacidn
988 1243 1028 1299 de
1043 1243 1115 1300 vida
1128 1261 1149 1318 y
1163 1241 1356 1329 costumhres
1367 1259 1429 1315 que
1439 1258 1473 1299 se
1484 1242 1553 1300 hizo

319 1367 361 1407 en
375 1348 483 1407 Aleala
496 1350 536 1406 de
549 1357 673 1407 nuestro
684 1358 772 1407 santo
784 1349 911 1408 Padre.»
923 1348 1090 1423 Sequentia
1105 1364 1136 1407 11
1151 1350 1182 1409 fs.
1194 1349 1310 1407 habent
1320 1356 1554 1407 monumentum

321 1444 352 1513 i'n
366 1456 562 1530 praecedenti
581 1456 668 1514 titulo
687 1456 863 1527 indicatum;
883 1456 939 1514 sed
959 1457 1113 1530 quaedam
1135 1456 1252 1531 periodi
1273 1464 1346 1513 sunt
1363 1456 1553 1529 aliquantum

317 1563 507 1634 decurtatae,
522 1572 553 1621 et
566 1564 683 1637 aliquot
696 1564 791 1623 verba
806 1583 868 1622 non
883 1564 957 1621 satis
971 1564 1101 1623 fideliter
1115 1566 1279 1638 exscripta.

381 1670 416 1727 ln
431 1670 664 1744 sequentibusa
690 1670 721 1729 fs.
741 1678 844 1729 exstat
865 1671 1078 1748 praecedentis
1098 1646 1262 1746 processus
1287 1669 1507 1745 compendium
1521 1677 1555 1726 et

319 1778 461 1852 ejusdem
485 1778 658 1836 veracitatis
682 1780 845 1851 attestatio,
870 1796 941 1839 cum
966 1779 1190 1854 subscriptione
1215 1777 1334 1836 scribae
1359 1778 1484 1851 Joannis
1512 1777 1554 1835 de

322 1883 542 1959 Quintamaya.

841 2099 955 2162 Codex
978 2098 1037 2187 20.

376 2282 583 2356 salmanticae,
598 2286 628 2341 in
645 2285 830 2341 Bibliotheca
847 2286 1060 2343 Universitatis
1077 2286 1277 2355 (Salamanca.
1292 2284 1462 2340 Biblioteca
1475 2283 1513 2338 de
1526 2284 1556 2338 la

214 2412 221 2431 .
322 2372 534 2447 Universidad,
547 2374 665 2431 seecidn
678 2374 715 2430 de
729 2392 799 2431 mss.
815 2385 889 2435 (rest.
904 2374 930 2447 3,
946 2376 1001 2446 caj.
1017 2389 1046 2447 2,
1059 2392 1140 2432 num.
1155 2378 1230 2445 aqu).

354 2518 357 2525 ⁴
387 2524 458 2587 cod.
475 2526 622 2587 Salmant.
638 2528 776 2587 L-Vol
792 2531 821 2587 in
838 2529 888 2588 fol.
905 2530 1120 2604 compositum,
1134 2530 1222 2603 cujus
1235 2528 1308 2585 folia
1322 2544 1384 2584 non
1407 2534 1479 2583 sunt
1496 2544 1555 2583 nu-

323 2634 415 2692 meris
430 2636 558 2710 signata.

385 2741 419 2798 ln
431 2742 531 2799 indice
542 2741 750 2800 Bibliothecae
761 2760 922 2801 numerum
936 2743 1031 2802 habet
1042 2744 1109 2818 367,
1120 2743 1224 2815 ibique
1236 2742 1368 2800 breviter
1383 2740 1556 2798 indicantur

321 2865 405 2921 quae
416 2850 446 2905 in
456 2856 522 2907 toto
538 2850 693 2907 volumine
707 2838 910 2922 continentur,
921 2851 965 2908 sic
976 2852 1057 2921 enim
1070 2849 1173 2908 habet:
1189 2850 1337 2923 «Jesuitas
1348 2848 1388 2905 de
1399 2848 1555 2906 Salaman-

323 2972 370 3013 ca.
386 2956 493 3015 Varias
509 2934 616 3028 cartas,
631 2957 807 3033 informesy
821 2966 905 3016 otros
919 2958 1046 3032 papeles
1060 2958 1203 3015 relativos
1217 2957 1235 3013 a
1253 2957 1283 3013 la
1302 2956 1378 3013 obra
1393 2954 1443 3013 del
1462 2953 1555 3012 Cole-

326 3068 377 3138 gio
402 3064 487 3135 Real,
502 3064 592 3123 Bulas
606 3064 698 3123 sobre
712 3066 741 3122 el
756 3066 838 3123 culto
852 3066 892 3123 de
907 3066 955 3123 S.n
976 3065 1100 3140 Pelayo,
1115 3064 1318 3122 fundaciones
1338 3063 1379 3138 de
1399 3062 1522 3120 catedra
1536 3080 1556 3137 y

324 3178 411 3228 otros
426 3173 526 3229 varios
540 3174 667 3230 escritos
681 3173 721 3231 de
736 3174 782 3231 los
794 3174 924 3247 Jesuitas
938 3173 979 3230 de
993 3172 1085 3230 dicho
1100 3172 1248 3248 colegio.»

389 3278 439 3336 Ad
454 3297 502 3337 res
516 3278 676 3339 Societatis
691 3281 776 3354 quod
790 3282 906 3351 attinet,
917 3283 994 3338 haec
1007 3282 1038 3338 in
1052 3280 1156 3337 medio
1169 3278 1333 3336 voluminis
1348 3276 1506 3334 habentur:

394 3386 420 3463 1)
461 3388 618 3445 Sententia
632 3388 795 3464 originalis,
810 3390 849 3445 de
864 3389 894 3446 S.
910 3388 1018 3465 Ignatii
1033 3390 1161 3461 ejusque
1176 3387 1331 3445 sociorum
1345 3386 1406 3442 vita
1421 3392 1452 3441 et
1465 3382 1558 3440 mori·

331 3494 389 3551 bus
403 3495 442 3552 ab
458 3494 549 3554 Urbis
563 3496 718 3569 praelecto
733 3495 813 3553 data.
829 3496 941 3553 Exstat
953 3497 984 3552 in
998 3512 1184 3571 pergamena
1198 3492 1385 3551 membrana:
1401 3497 1560 3565 praeterea

331 3603 361 3659 in
377 3604 481 3660 charta
496 3602 625 3660 habetur
639 3603 717 3661 illius
731 3603 917 3679 exemplum.

394 3708 423 3786 2)
464 3710 561 3768 Breve
576 3711 722 3787 originale
737 3710 821 3768 Pauli
841 3710 893 3781 ΙΙΙ,
909 3711 959 3768 die
978 3725 1014 3782 19
1027 3708 1140 3768 Octob.
1161 3709 1235 3781 1548
1251 3707 1366 3779 datum,
1380 3708 1411 3765 in
1426 3723 1488 3780 quo
1503 3705 1561 3762 sal·

333 3818 552 3875 manticensem
574 3825 605 3875 et
624 3818 831 3875 conchensem
850 3818 1014 3891 episcopos
1035 3818 1173 3874 nominat
1187 3815 1309 3890 judices
1328 3820 1562 3871 conservatores

333 3924 494 3983 Societatis
506 3924 587 3998 Jesu.

397 4031 425 4109 3)
467 4031 632 4107 Cooptatio
647 4032 887 4089 salmanticensis
901 4032 1022 4107 collegii
1036 4030 1066 4089 S.
1079 4031 1103 4104 J.
1125 4029 1312 4088 universitati
1330 4024 1471 4103 ejusdem
1489 4026 1563 4085 civi·

334 4141 413 4198 tatis.

395 4246 426 4325 4)
469 4248 587 4305 Relatio
602 4248 771 4305 vacationis
786 4246 824 4303 ab
840 4245 948 4304 studiis
963 4244 1013 4303 die
1028 4246 1057 4303 S.
1074 4246 1181 4321 Ignatii
1200 4246 1231 4302 in
1250 4242 1475 4301 salmanticensi
1495 4240 1566 4299 uni·

337 4357 489 4414 versitate.
