3500 5367
408 438 461 493 494
786 422 994 479 lloxuuuurx
1013 420 1193 478 luxuriam

331 606 332 609 ¹
372 596 518 660 persona
538 573 744 659 explicabat,
768 573 894 658 quibus
920 573 1122 641 examinatis
1148 563 1217 640 non
1245 573 1349 641 alium
1375 594 1472 659 quam
1493 570 1563 637 illurn

372 690 497 776 ipsum,
513 710 617 775 quem
634 688 690 755 ille
706 688 741 755 in
757 689 862 757 corde
877 689 1040 770 habebat,
1057 688 1237 776 eligerent.
1255 690 1361 775 Quod
1376 700 1410 755 et
1424 687 1565 754 sincinni-

364 805 429 872 dia
447 803 569 885 Patris,
588 816 622 873 et
639 804 712 871 sine
728 804 935 873 detrimento
950 804 1033 871 boni
1046 804 1251 887 communiS,
1268 815 1303 873 et
1319 804 1395 874 sine
1413 800 1565 871 offensione

367 944 457 1008 erga
472 920 584 1007 ipsum
602 920 757 1001 aliorum,
776 920 835 1005 qui
850 919 950 987 electi
966 943 1035 987 non
1051 932 1162 1003 erant,
1179 922 1283 988 fiebat
1298 929 1319 989 ².

441 1039 673 1105 Vehementer
693 1038 839 1103 cauebat
861 1056 906 1104 ne
926 1046 960 1104 et
980 1036 1075 1103 domi
1094 1048 1130 1105 et
1156 1035 1239 1103 foris
1262 1036 1406 1104 alicuius
1424 1034 1565 1103 domestici

365 1152 580 1222 existimatio
601 1152 723 1219 vilain
745 1174 794 1232 re,
818 1151 921 1229 etiam
942 1151 1093 1233 minima,
1123 1154 1328 1236 laederetur,
1357 1166 1394 1223 et
1418 1156 1476 1219 hac
1494 1149 1522 1217 in
1540 1172 1566 1215 re

368 1266 576 1354 ,grauissime
591 1268 762 1354 plectebat
777 1267 1027 1353 delinquentes.
1046 1270 1136 1335 Cum
1152 1268 1291 1354 quidam
1302 1269 1351 1336 ‘de
1366 1270 1466 1337 altero
1476 1269 1567 1333 dome·

363 1385 471 1467 stim,
502 1385 596 1453 febre
623 1386 817 1465 laborante,
847 1384 988 1453 dixisset
1015 1395 1158 1452 externo
1189 1385 1363 1451 infirmum
1390 1408 1467 1472 prae
1489 1382 1567 1451 febris

362 1503 493 1569 ardore
512 1501 673 1581 delirare,
697 1499 934 1587 indignissime
954 1499 988 1566 id
1012 1499 1090 1567 tulit
1116 1512 1257 1568 sanctus
1281 1481 1396 1571 Pater.
1421 1499 1509 1567 Iussit
1528 1509 1565 1573 ut,

367 1637 477 1685 uerae
491 1615 572 1685 licet
593 1615 755 1684 historiae
777 1627 943 1695 narrator,
965 1636 1002 1681 se
1022 1639 1084 1702 per
1104 1617 1251 1703 spatium
1273 1616 1377 1683 trium
1399 1617 1566 1703 psalmorum

365 1733 531 1834 caederet
552 1732 644 1799 facto
659 1752 702 1797 ex
724 1729 885 1797 funiculis
904 1732 1052 1817 flagello.
1072 1733 1153 1797 Erat
1173 1745 1289 1798 autem
1305 1732 1334 1800 is
1355 1754 1442 1798 vnus
1459 1752 1477 1797 e
1493 1752 1566 1817 prae·

285 1839 290 1849 '
370 1847 485 1933 cipuis
504 1846 676 1927 Patribus
695 1846 753 1932 qui
770 1848 856 1913 haec
872 1847 917 1914 de
931 1846 1067 1912 infirmo
1080 1859 1290 1916 narrauerat.

438 1966 528 2029 Cum
545 1973 680 2049 tempus
700 1962 842 2029 instaret
862 1961 1166 2047 quadragesimalis
1182 1963 1317 2049 jeiunii,
1340 1964 1468 2033 medico
1486 1962 1566 2028 aduo·

370 2089 465 2158 catu,
484 2078 698 2165 singulorum
715 2101 735 2144 e
750 2076 947 2145 domesticis
962 2089 1121 2158 aetatem,
1141 2078 1245 2162 uires,
1263 2078 1566 2166 indispositionemet

361 2193 550 2263 sanitatem
574 2193 760 2263 examinari
783 2192 926 2261 iubebat
948 2194 1217 2276 accuratissime,
1242 2190 1282 2264 et'
1304 2195 1457 2263 annotari
1476 2214 1566 2261 eorum

368 2308 522 2389 nomina,
545 2330 631 2394 quos
652 2332 672 2375 a
692 2307 810 2376 ieiunii
830 2307 968 2395 legibus
994 2308 1190 2377 liberandos
1215 2313 1391 2391 censebat,
1420 2324 1453 2379 et
1471 2309 1567 2393 quibus

362 2424 620 2491 lacticiniorum
638 2426 694 2493 uel
707 2423 861 2491 carnium
874 2446 955 2491 esus
967 2427 1208 2495 concedendus
1225 2427 1409 2518 uideretur.
1424 2430 1484 2493 Eos
1494 2444 1565 2499 uero,

363 2539 432 2626 qui
448 2541 601 2607 nondum
623 2560 662 2608 21
681 2562 809 2608 annum
830 2540 1060 2620 absoluerant,
1082 2541 1146 2609 etsi
1169 2543 1300 2609 robusti
1321 2553 1436 2612 essent
1453 2552 1483 2608 et
1501 2538 1565 2611 sani,

362 2653 518 2741 singulis
541 2654 694 2725 ieiunare
714 2654 836 2723 diebus
857 2677 927 2722 non
947 2655 1176 2741 permittebat,
1203 2657 1403 2744 praesertim
1425 2656 1565 2744 paruulos:

371 2771 539 2839 murarios
556 2782 670 2840 autem
693 2772 807 2838 fabros
822 2782 857 2839 et
873 2770 1000 2850 similes
1016 2792 1124 2839 coena
1143 2771 1316 2842 abstinere
1336 2797 1405 2841 non
1425 2771 1567 2860 permitte·

370 2892 442 2957 bat:
469 2888 673 2972 dicebatque
693 2886 740 2953 ita
762 2898 915 2955 ueterem
935 2908 1011 2955 esse
1034 2887 1309 2955 mortificandum
1335 2890 1513 2966 hominem,
1535 2908 1567 2950 ne

367 3005 472 3071 simul
488 3026 568 3071 cum
585 3014 703 3072 uetere
724 3023 836 3070 nouus
852 3000 1126 3083 mortificaretur,
1144 3002 1292 3071 innuens
1306 3016 1460 3073 externas
1474 3022 1567 3087 corpo

371 3121 417 3188 ris
434 3119 723 3196 mortificationes,
742 3129 776 3187 et
796 3118 1010 3201 afflictiones,
1027 3130 1062 3185 et
1082 3119 1315 3205 experimenta
1334 3119 1524 3207 paupertatis
1537 3138 1567 3182 ea

372 3235 604 3305 moderatione
625 3234 817 3303 adhibenda
838 3253 927 3316 esse,
949 3254 993 3300 ne
1016 3233 1152 3313 sanitati
1176 3236 1364 3319 officerent,
1387 3250 1443 3303 aut
1461 3230 1568 3318 aliquoi

372 3351 447 3420 eius
463 3351 629 3419 ledendae
649 3350 841 3436 periculum
858 3350 1042 3417 adferrent.
1062 3351 1138 3418 Hac
1160 3372 1228 3417 non
1250 3364 1432 3419 contentus
1452 3349 1569 3434 diligen·

368 3467 431 3547 tia,
451 3469 579 3533 factum
595 3488 637 3534 ex
653 3464 776 3531 medici
791 3464 1001 3551 praescripto
1017 3467 1213 3552 catalogum
1225 3466 1388 3554 deinceps
1400 3490 1456 3554 per
1469 3464 1568 3548 aliquot

371 3584 474 3650 horas
502 3579 730 3660 examinabat,
761 3578 893 3647 ueritus
920 3600 965 3646 ne
990 3580 1084 3665 quis,
1114 3582 1172 3666 qui
1200 3604 1269 3648 non
1298 3595 1422 3668 posset,
1449 3580 1569 3648 ieiunare

363 3699 569 3783 cogeretur.
589 3698 666 3763 Hoc
683 3694 793 3783 ipsum
817 3694 850 3781 in
867 3695 1014 3781 collegio
1030 3718 1171 3764 romano
1191 3707 1225 3764 et
1246 3697 1282 3763 in
1301 3698 1444 3785 collegio
1462 3703 1569 3784 gerna-

373 3812 451 3881 nieo
466 3812 650 3900 diligenter
665 3810 795 3879 seruari
814 3812 1010 3893 mandabat;
1029 3823 1064 3881 et
1079 3834 1158 3879 cum
1171 3812 1280 3898 prima
1296 3814 1372 3882 uice
1389 3816 1420 3881 id
1435 3806 1568 3900 praescri·

369 3929 507 4015 psisset,
527 3940 561 3997 et
577 3950 648 3995 rem
665 3930 754 3993 hanc
772 3930 812 3993 P.
832 3927 1006 3993 Polancus
1022 3937 1057 3996 et
1073 3927 1129 3995 alii
1149 3928 1375 4013 distulissent,
1398 3927 1495 3995 uetuit
1511 3924 1569 3989 illos

363 4046 485 4141 cibum
502 4066 651 4123 sumere,
670 4042 734 4109 nisi
749 4042 845 4135 prius
865 4043 1062 4129 catalogum
1078 4044 1181 4118 istum
1197 4066 1276 4111 cum
1288 4045 1419 4112 medico
1432 4039 1568 4110 coniecis-

362 4172 460 4230 sent.
481 4162 618 4227 Etcum
640 4157 836 4228 resciuisset
857 4156 892 4224 in
913 4157 1030 4227 Sicilia
1050 4159 1252 4246 permissum
1274 4160 1424 4240 nouitiis,
1445 4153 1569 4242 eoquod

372 4275 494 4343 nouitii
516 4285 645 4357 essent,
668 4286 702 4341 et
731 4273 804 4341 aliis
827 4272 1023 4359 junioribus
1052 4285 1124 4342 tota
1148 4270 1410 4364 quadragesima
1434 4273 1566 4345 ieiunare,

362 4414 486 4459 acrem
502 4389 736 4478 superioribus
753 4390 1054 4459 reprehensionem
1071 4390 1197 4479 scripto
1215 4394 1397 4462 transmitti
1410 4388 1535 4460 curauit.

373 4552 590 4564 ——r-——n

426 4657 434 4688 t
470 4644 582 4703 fiebant
597 4661 652 4698 ms.
