3500 5367
683 468 891 524 Mouuuaurn
913 470 1091 530 lanariam

1107 552 1126 581 Ι

799 673 912 747 Codex
933 676 965 736 5.

328 834 366 892 P.
397 834 545 893 Manarei
570 834 851 893 Historiae-Vol.
881 835 911 891 in
936 835 998 907 fol,
1022 835 1228 909 compositum
1250 846 1285 918 et
1313 855 1501 914 pergamena

268 943 445 1001 membrana
460 962 478 1001 a
492 953 579 1021 tergo
594 944 753 1002 munitum.
811 1006 815 1013 ,

328 1049 457 1108 Constat
476 1066 531 1121 190
546 1052 577 1109 ff.
593 1052 719 1127 signatis
734 1058 764 1108 et
778 1051 817 1107 26
831 1050 1047 1107 monumentis.

328 1156 416 1231 Quae
441 1159 479 1216 ad
500 1176 549 1216 res
568 1160 737 1234 ignatianas
762 1158 933 1215 referuntur
952 1158 1029 1215 haec
1053 1166 1132 1215 suut:
1153 1157 1193 1216 N.
1213 1172 1240 1215 2.
1263 1158 1438 1231 Responsio
1459 1160 1498 1217 ad

267 1265 420 1337 quaedam
434 1265 587 1340 postulata
601 1265 641 1322 de
656 1265 688 1323 B.
704 1265 736 1322 P.
752 1264 789 1322 N.
805 1264 914 1339 Ignatii
929 1262 1091 1321 virtutibus
1105 1271 1137 1321 et
1150 1265 1354 1335 documentis,
1368 1282 1386 1321 a
1406 1266 1500 1323 Nico·

266 1371 315 1429 iao
327 1371 473 1430 Lancicio
485 1372 604 1430 Romae
614 1370 789 1447 theologiae
801 1370 1030 1429 studioso-N.
1046 1385 1058 1428 1
1065 1382 1090 1441 5.
1100 1371 1190 1445 Quae
1196 1371 1498 1430 viderenturadden·

266 1478 307 1537 da
321 1479 369 1535 vel
385 1480 566 1555 corrigenda
585 1481 616 1536 in
635 1478 771 1536 Historia
790 1479 870 1535 vitae
890 1478 922 1536 P.
943 1478 981 1536 N.
1001 1477 1111 1554 Ignatii
1129 1478 1212 1537 edita
1230 1478 1397 1536 Mediolani
1415 1497 1497 1570 anuo

158 1663 162 1671 .
270 1586 434 1657 1586.—N.
454 1587 498 1644 16.
513 1586 678 1660 Epistola...
694 1586 724 1643 in
740 1602 801 1658 qua
816 1585 942 1643 dubiola
953 1585 1107 1658 quaedam
1117 1586 1445 1646 circatestimonium..
1457 1587 1498 1643 de

266 1694 298 1751 B.
321 1694 352 1751 P.
378 1693 507 1769 Ignatio,
527 1693 664 1751 Venetiis
683 1710 765 1750 anno
787 1692 862 1752 1608
882 1692 1006 1764 factum,
1026 1693 1150 1766 maioris
1169 1692 1384 1751 declarationis
1402 1712 1494 1752 causa

266 1800 365 1857 solvit.

323 1907 483 1964 Praeterea
494 1914 626 1963 exstant:
639 1906 764 1975 Puncta,
776 1905 922 1963 mandato
934 1905 986 1964 P...
998 1904 1179 1979 Aquavivae
1193 1906 1323 1964 collecta
1334 1908 1377 1966 ab
1389 1908 1493 1969 Olive-

262 2015 307 2072 rio
322 2015 477 2085 Manare0,
493 2014 567 2071 etin
582 2012 698 2071 Urbem
713 2014 805 2070 missa
819 2030 875 2086 pro
890 2012 1026 2070 Historia
1039 2014 1202 2071 universali
1217 2013 1387 2081 Societatis;
1398 2032 1492 2089 quae-

262 2121 334 2189 dam
349 2122 388 2179 de
404 2122 435 2178 P.
453 2120 609 2179 Everardo
624 2119 827 2190 Mercurian03
845 2118 969 2176 «Brevis
984 2136 1100 2191 eorum,
1115 2121 1167 2193 qui
1182 2122 1354 2178 vocationis
1364 2124 1491 2197 gratiam

261 2230 300 2287 de
315 2230 468 2288 Societate
483 2234 587 2285 nostra
606 2226 820 2303 neglexerunt,
839 2227 1033 2297 narrati0...»;
1052 2227 1200 2301 epistolae
1217 2229 1319 2285 variae
1339 2228 1371 2286 P.
1386 2229 1493 2287 Mana-

261 2338 302 2399 rei
318 2336 365 2414 (11
383 2337 423 2395 ad
438 2336 470 2393 P.
487 2334 699 2407 Orlandinum,
717 2350 729 2391 1
747 2334 786 2391 ad
802 2334 834 2393 P.
849 2334 940 2403 Sauli,
957 2343 989 2393 et
1002 2349 1019 2392 2
1035 2335 1075 2393 ad
1090 2336 1122 2394 P.
1137 2334 1368 2413 Lancicium);8
1383 2354 1491 2395 monu-

260 2453 363 2503 menta
374 2462 444 2502 curn
456 2424 710 2502 annotationibus,
717 2443 797 2501 circa
808 2442 922 2516 scripta
932 2442 965 2500 P.
977 2442 1122 2501 Lucenae
1130 2450 1161 2501 et
1172 2443 1299 2501 aliorum
1306 2444 1347 2501 de
1357 2444 1387 2501 S.
1396 2443 1490 2502 Frau-

259 2553 342 2610 cisco
367 2551 501 2609 Xaverio
526 2557 557 2607 et
576 2550 615 2606 de
635 2549 722 2607 India
744 2547 902 2619 Orientali3
923 2550 1084 2624 responsio
1103 2550 1145 2607 ad
1162 2568 1209 2621 ea,
1228 2567 1309 2623 quae
1331 2554 1491 2625 proposuit

258 2658 465 2735 Congregatio
481 2658 569 2715 Prov.
585 2657 737 2714 toletanae
752 2656 902 2714 adversus
916 2655 1084 2714 Historiam
1102 2656 1263 2716 Societatis
1280 2657 1364 2731 Jesu,
1378 2658 1418 2715 de
1436 2676 1489 2735 ge-

258 2784 330 2824 nere
346 2766 378 2823 P.
392 2764 498 2839 Jacobi
514 2764 622 2823 Lainii.

316 2874 436 2931 Horum
450 2862 719 2930 monumentorum
733 2888 795 2927 non
811 2886 911 2945 pauca
925 2878 997 2927 sunt
1011 2870 1176 2946 originalia.

782 3028 897 3091 codex
919 3030 952 3092 6.

315 3192 461 3251 Memoria
472 3192 679 3257 auria-Vol.
690 3200 786 3263 omma
790 3202 804 3264 5
817 3200 857 3255 ><
868 3192 1141 3264 0¹⁰,1583recenter
1152 3195 1368 3269 compositum,
1379 3203 1410 3252 et
1420 3212 1490 3269 per-

255 3316 385 3375 gamena
399 3301 577 3359 membrana
591 3317 609 3356 a
623 3307 710 3375 tergo
724 3300 883 3357 munitum.

314 3407 595 3483 Inscriptioatergo
606 3423 699 3464 manu
710 3408 830 3481 scripta:
839 3406 1005 3465 «Memorie
1024 3406 1028 3484 l
1046 3410 1130 3466 varie
1148 3407 1153 3485 l
1171 3409 1252 3467 circa
1270 3409 1273 3485 l
1293 3410 1322 3467 S.
1334 3410 1488 3485 Iguazio.»

316 3514 446 3574 Constat
464 3516 515 3587 185
533 3515 612 3572 foliis
626 3513 694 3572 stilo
709 3514 830 3587 lapideo
845 3523 985 3572 recenter
1000 3515 1134 3590 signatis.

313 3623 450 3681 Maxima
474 3640 515 3679 ex
539 3630 625 3696 parte
651 3621 796 3679 coalescit
818 3621 1010 3693 adversariis,
1030 3621 1125 3681 latino
1147 3623 1197 3680 vel
1218 3623 1320 3681 italico
1344 3641 1488 3683 sermone

254 3732 396 3801 exaratis,
411 3732 441 3788 in
457 3728 569 3803 quibus
584 3729 613 3787 S.
629 3728 737 3805 Ignatii
752 3729 880 3786 virtutes
894 3729 1025 3786 diversis
1046 3728 1198 3803 capitibus
1218 3732 1486 3803 comprehendun-

253 3848 311 3896 tur:
327 3840 403 3896 haec
418 3838 592 3895 adversaria
606 3837 773 3910 antiquitus
788 3835 924 3909 quidem,
938 3835 994 3892 sed
1009 3836 1138 3895 diversis
1152 3836 1341 3911 temporibus
1352 3848 1383 3895 et
1393 3856 1487 3912 saepe

254 3946 430 4021 fragmentis
443 3944 615 4019 paryraceis
635 3943 775 4001 diversae
794 3942 1022 4018 magnitudinis,
1037 3943 1149 4017 scripta
1163 3943 1256 4003 fuere.
1271 3944 1384 4020 Magna
1397 3945 1486 4003 folio-

253 4072 320 4111 rum
344 4070 414 4126 pars
435 4052 526 4111 etiam
544 4051 711 4124 antiquitus
731 4050 864 4109 numeris
885 4050 1027 4109 distincta
1042 4049 1106 4120 fule
1128 4050 1184 4109 sed
1205 4051 1371 4124 aliquando
1392 4053 1486 4111 unico

253 4178 382 4219 numero
397 4160 549 4235 integrum
563 4166 797 4217 monumentum
811 4157 1004 4215 diversorum
1019 4158 1160 4215 foliorum
1174 4158 1342 4234 signarunt.

312 4266 386 4325 Tria
398 4268 495 4341 prima
515 4266 586 4323 folia
604 4284 681 4341 pura
700 4272 780 4336 sunt,
796 4282 854 4323 nec
878 4266 1006 4341 signata,
1021 4272 1052 4323 et
1074 4273 1213 4324 recenter
1233 4266 1337 4325 addita
1359 4268 1486 4340 quando

252 4376 356 4434 codex
370 4374 558 4448 compositus
573 4381 629 4431 est.

309 4484 333 4541 F
336 4483 396 4540 olio
417 4497 464 4553 iv,
479 4481 683 4556 fragmentum
696 4480 815 4551 indicis,
831 4479 886 4537 sed
901 4478 1012 4536 nullius
1026 4479 1147 4538 valoris:
1160 4480 1191 4538 if.
1204 4494 1267 4551 2-9,
1279 4481 1482 4557 fragmentum
1579 4521 1585 4531 ·

252 4592 333 4649 vitae
348 4590 378 4647 S.
393 4589 511 4665 Ignatii:
528 4588 559 4647 ss.
580 4603 680 4663 10-13,
695 4588 734 4645 de
749 4586 936 4675 revelatione
951 4585 1085 4658 quadam
1099 4586 1129 4645 S.
1144 4586 1259 4644 Mariae
1281 4588 1483 4665 Magdalenae
1574 4645 1578 4650 ,

252 4700 292 4759 de
304 4698 413 4757 Pazzis:
426 4697 457 4756 ff.
473 4696 573 4768 14-18,
586 4696 766 4755 «Relatione
777 4694 919 4753 d'alcuue
931 4710 1005 4751 cose
1016 4692 1048 4752 di
1059 4693 1097 4752 N.
1111 4693 1143 4753 B.
1156 4695 1188 4753 P.
1201 4695 1312 4770 lgn.⁰»:
1328 4697 1359 4755 ff.
1382 4712 1483 4768 19-21,
