3500 5367
396 465 452 535 708
775 469 984 524 Mouuusurn
1004 466 1182 522 [curruum

404 732 711 837 QUAEDAM
753 732 836 814 DE
880 731 1191 814 GULlELMO
1234 730 1535 815 POSTELLO

893 895 1050 906 -ι--ι-ιι--ι

921 1082 924 1088 .
952 1020 1002 1100 79

360 1136 366 1147 ¹
434 1175 710 1243 RENOVATIO
735 1175 970 1244 VOTORUM
997 1179 1034 1243 Α.
1055 1177 1300 1246 POSTELLO
1319 1177 1479 1244 FACTA
1503 1181 1511 1211 ¹

429 1320 486 1384 Ad
502 1318 637 1385 laudem
655 1329 690 1384 et
705 1317 849 1403 gloriam
866 1317 931 1386 Dei
949 1330 983 1387 et
999 1317 1129 1384 domini
1142 1317 1342 1407 nostriJesu
1355 1319 1492 1398 Christi,
1504 1341 1574 1405 ego,

362 1434 557 1503 Gulielmus
576 1434 745 1499 Postellus
761 1435 787 1512 ²,
805 1455 939 1502 summa
955 1433 1019 1502 Dei
1038 1433 1269 1500 misericordia
1287 1456 1306 1501 a
1321 1435 1440 1502 mundi
1459 1436 1575 1500 tumul-

362 1548 456 1616 tibus
471 1550 514 1615 ad
530 1549 622 1615 vitae
638 1549 867 1632 tranquilioris
884 1559 918 1616 et
934 1549 1120 1636 spiritualis
1132 1571 1273 1635 scopum
1287 1552 1474 1628 traductus,
1487 1549 1575 1616 hodie

361 1667 489 1745 denuo,
508 1676 591 1730 voto
603 1664 673 1749 jam
686 1673 766 1731 ante
778 1665 903 1731 emisso
915 1663 1173 1744 subscribendo,
1189 1665 1309 1732 abiuro
1321 1667 1497 1732 facultates
1507 1687 1574 1732 cor-

362 1803 483 1868 poreas
498 1803 558 1848 seu
575 1781 853 1859 bona‘fortunae‚
875 1753 1027 1866 corporis
1049 1801 1169 1848 omnes
1190 1782 1404 1868 voluptatum
1423 1802 1573 1848 venerea-

361 1918 437 1964 rum
455 1898 632 1964 illecebras
646 1895 903 1980 voluntatisque
919 1895 1171 1982 proprietatem3
1190 1908 1293 1981 atque
1308 1896 1368 1972 ita.
1382 1897 1532 1963 omuibus
1545 1907 1574 1962 et

322 2089 325 2093 ¹
362 2012 571 2098 quibuslibet
587 2009 737 2078 consiliis
752 2023 766 2050 ²
781 2011 992 2097 euangelicis
1012 2011 1272 2091 subscribendo,
1290 2033 1401 2079 voueo
1420 2015 1528 2080 denuo
1545 2022 1574 2079 et

363 2127 562 2196 solemniter
580 2126 643 2192 tria
658 2139 753 2210 vota,
777 2127 999 2214 paupertatis
1022 2126 1189 2194 castitatis
1209 2139 1244 2195 et
1264 2128 1485 2208 obedientiae,
1507 2123 1575 2194 reli-

363 2255 421 2312 cto
438 2265 514 2309 meo
530 2243 697 2329 superiori
712 2242 856 2310 actualis
867 2265 964 2310 meae
977 2243 1187 2328 paupertatis
1203 2244 1355 2326 arbitri03
1370 2241 1574 2314 caeterumin

363 2359 573 2446 superiorem
590 2359 707 2445 deligo
727 2369 761 2425 et
781 2359 952 2427 delectum
976 2359 1152 2445 cupio„vt
1175 2360 1223 2425 illi
1242 2359 1468 2428 obedientiam
1489 2379 1574 2445 prae·

363 2486 463 2554 stem,
481 2473 656 2540 dominum
673 2473 843 2561 ignatium
860 2496 881 2540 a
899 2476 1037 2561 Loyola‚
1053 2474 1331 2565 SocietatisJesu
1343 2497 1434 2542 nunc
1446 2495 1575 2561 praepo-

363 2589 559 2677 situmaut
579 2589 736 2673 quemuis
756 2589 859 2654 alium
882 2610 1115 2659 successorem
1136 2591 1302 2672 similiter,
1325 2592 1478 2678 rogando
1497 2603 1530 2654 vt
1545 2588 1574 2653 in

363 2705 492 2771 dictum
509 2703 717 2771 consortium
734 2727 787 2772 me
804 2705 887 2772 velit
906 2707 959 2773 vel
980 2707 1024 2772 ad
1046 2706 1269 2773 ministerium
1291 2706 1439 2792 quoduis
1460 2703 1574 2791 recipe

363 2843 412 2900 re,
439 2842 640 2904 summoque
660 2820 816 2907 pontifici
837 2819 964 2912 lidelm]
984 2831 1046 2907 pro
1074 2845 1129 2890 me
1152 2823 1286 2908 jubere,
1315 2833 1394 2891 ante
1423 2822 1575 2907 repulsam

363 2937 439 3005 eius
454 2937 595 3017 ordinis¹
612 2957 787 3021 nunquam
808 2937 842 3002 in
864 2937 1022 3022 quemuis
1047 2937 1151 3004 alium
1173 2938 1325 3007 ordinem
1346 2937 1575 3024 commigratu-

362 3039 435 3132 rus,
454 3055 559 3120 semel
575 3063 750 3138 acceptus,
769 3073 944 3137 nunquam
962 3075 1030 3119 non
1047 3053 1082 3119 in
1098 3053 1259 3120 omnibus
1274 3053 1485 3122 obediturus.

431 3169 575 3254 Accipe,
594 3167 745 3253 piissime
756 3170 853 3256 Jesu,
871 3171 962 3234 hanc
982 3171 1214 3256 syngraphem
1231 3169 1369 3256 propria
1384 3189 1486 3236 manu
1508 3163 1575 3232 scri·

363 3296 468 3371 ptam,
486 3283 653 3366 digneris,
672 3305 804 3369 nosque
820 3284 867 3350 ita
884 3285 1070 3351 concordes
1087 3285 1204 3366 facias
1223 3294 1260 3350 vt
1276 3285 1426 3351 membra
1442 3281 1537 3370 capiti
1548 3293 1575 3349 et

363 3412 467 3487 caput
483 3400 656 3480 membris,
675 3421 734 3486 per
750 3399 876 3478 omnia,
896 3401 1085 3467 secundum
1103 3400 1153 3466 tui
1168 3400 1278 3467 sancti
1299 3400 1470 3487 euangelii
1490 3419 1575 3486 prae-

362 3516 540 3601 scriptum,
560 3515 799 3601 respondeant.

432 3634 561 3698 Rornae
578 3641 703 3697 octauo
719 3630 820 3696 nonis
831 3631 933 3718 Juliis
955 3647 1050 3715 1544.

1182 3741 1411 3817 Posrertu's.

431 3864 506 3948 Ego
522 3863 637 3929 denuo
659 3863 824 3928 confirmo
847 3862 1044 3948 supradicta
1064 3861 1099 3930 in
1123 3865 1249 3951 templo
1272 3863 1343 3930 diui
1369 3863 1467 3931 Pauli
1489 3880 1576 3947 super

362 3980 469 4046 altare
494 3977 616 4056 maius,
639 3978 696 4044 vbi
718 3990 913 4044 sanctorum
936 3977 1117 4063 quiescunt
1138 4001 1292 4066 corpora.
1315 3981 1453 4059 Denuo,
1475 3989 1511 4043 vt
1528 3997 1575 4042 su·

360 4115 436 4181 pra,
454 4093 489 4160 in
513 4095 642 4180 templo
662 4097 706 4160 D.
730 4093 923 4162 Sebastiani
944 4097 987 4162 ad
1009 4097 1247 4164 Catacumbas
1272 4098 1398 4192 Denuo
1417 4095 1453 4161 in
1475 4089 1575 4161 maiori

415 4289 430 4317 ε
466 4273 601 4328 conciliis
614 4291 673 4328 ms.

364 4378 578 4390 ——--—-...

416 4427 423 4458 ¹
463 4427 507 4480 Ex
521 4425 661 4481 schedula
673 4426 864 4497 autographa,
880 4425 910 4481 in
930 4425 1002 4481 Cod.
1018 4427 1104 4483 Rom.
1120 4427 1145 4496 I,
1159 4445 1189 4483 n.
1203 4427 1341 4507 XXVIIJ.

414 4525 425 4550 ²
463 4517 509 4570 De
527 4517 677 4572 Gulielmo
693 4515 823 4570 Postello
840 4516 918 4570 haud
940 4519 1032 4572 semel
1053 4517 1083 4572 in
1104 4517 1150 4572 his
1173 4517 1387 4574 Monuusrr'rrs
1405 4515 1513 4572 dictum
1528 4521 1575 4567 est·

357 4603 408 4661 Cf.
424 4605 604 4677 Pounucns
623 4604 753 4668 (Βινοηυ
769 4605 794 4675 1,
810 4603 871 4673 148,
888 4618 949 4675 1493
963 4605 1017 4678 IV,
1031 4605 1160 4676 235·237;
1178 4607 1216 4678 V,
1235 4603 1298 4680 5333
1318 4607 1425 4663 Sancti
1441 4601 1575 4679 Ignatii...

361 4692 528 4763 Epistulae.
544 4695 568 4765 l,
581 4693 645 4764 344.
