3500 5367
404 454 458 525 47ss
654 530 655 539 ἵ
782 450 991 510 normann
1007 452 1187 510 laniamus

364 628 520 694 gressus.
539 606 651 693 Saepe
667 604 758 672 enim
772 606 897 673 multos
911 605 1020 693 magis
1032 608 1124 675 fama
1135 618 1170 677 et
1181 608 1433 676 commendatio
1445 607 1571 689 uirtutis,

366 746 389 791 a
405 722 479 789 uiro
495 721 595 810 graui
611 723 777 808 prosecta,
796 743 908 806 quamx
915 722 1026 789 uirtus
1041 723 1114 809 ipsa
1130 725 1174 790 ad
1185 724 1240 792 sui
1256 746 1405 791 amorem
1417 723 1571 815 impellit}

436 838 582 907 Dicebat
598 858 670 917 eOS,
694 836 753 923 qui
773 836 981 905 Societatem
1005 850 1219 925 expeterent,
1245 851 1390 927 utroque
1411 840 1493 926 pede
1511 862 1571 908 eam

372 954 516 1041 ingredi3
542 954 662 1020 dextro
683 952 832 1038 quidem,
858 951 893 1017 id
917 964 982 1033 est,
996 954 1203 1023 'obedientia
1226 954 1431 1035 intellectus,
1454 954 1571 1022 sinistro

367 1092 464 1148 uero,
491 1070 610 1149 idest,
633 1067 828 1137 obedientia
855 1068 1054 1136 uoluntatis.
1081 1070 1161 1135 Ideo
1184 1068 1357 1137 iudicabat
1378 1090 1438 1138 eos
1459 1079 1570 1139 tantum

365 1184 522 1251 intulisse
538 1184 673 1271 pedem,
691 1183 751 1269 qui
767 1182 932 1269 imperata
949 1184 1087 1265 faciant3
1105 1206 1165 1253 eos
1185 1196 1315 1265 autem,
1337 1183 1397 1270 qui
1417 1185 1570 1253 nunidem

363 1300 530 1380 sentiunt,
550 1320 637 1385 quae
653 1298 819 1385 superiori
835 1300 1030 1384 placebant,
1044 1298 1168 1367 dextro
1180 1312 1277 1367 extra
1289 1300 1488 1369 Societatem
1501 1302 1570 1387 pede

357 1417 528 1485 censebat
543 1414 741 1482 subsistere.

433 1529 506 1597 Etsi
530 1550 648 1596 omnes
671 1528 828 1596 subditos
843 1513 953 1615 'plena
976 1540 1117 1615 cuperet
1140 1529 1369 1597 indifferentia
1392 1531 1521 1617 pollere,
1543 1544 1569 1598 et

362 1658 501 1733 paratos
517 1666 593 1712 esse
608 1644 683 1711 sine
698 1645 834 1711 delectu
850 1644 1016 1723 locorum,
1034 1644 1206 1731 graduum
1221 1656 1258 1711 et
1272 1645 1463 1713 officiorum
1481 1668 1500 1711 a
1520 1668 1569 1711 uo·

364 1764 496 1829 luntate
512 1759 727 1858 superiorum
750 1760 911 1845 pendere,
934 1780 1096 1845 magnam
1117 1771 1231 1828 tamen
1253 1763 1404 1827 habebat
1425 1760 1566 1829 rationem

362 1876 500 1945 innatae
523 1874 763 1942 inclinationis
791 1874 908 1960 Atque
931 1873 990 1954 ita,
1017 1873 1254 1942 insinuaturus
1278 1874 1416 1961 aliquod
1443 1876 1566 1943 officium

360 1992 465 2059 alicui
485 2012 554 2058 non
575 1992 731 2077 vulgare,
754 1988 818 2055 tria
844 1991 889 2056 ab
917 1989 974 2056 illo
1001 1988 1174 2076 exigebat:
1204 1990 1328 2076 primu,
1351 2002 1391 2057 vt
1410 1989 1567 2078 explicaret

362 2108 504 2193 scripto,
533 2118 719 2193 paratusne
746 2104 790 2172 sit
818 2102 852 2171 id
880 2106 1006 2185 facere,
1035 2106 1128 2190 quod
1154 2107 1309 2193 superior
1332 2106 1562 2193 praescriberet.

363 2242 395 2290 2.
400 2222 502 2289 ⁰An
527 2224 572 2289 sit
600 2242 790 2309 propensus
817 2222 862 2287 ad
888 2222 966 2300 hoc,
996 2222 1040 2290 de
1062 2243 1131 2306 quo
1155 2220 1375 2291 deliberatur.
1403 2242 1435 2306 3.
1438 2222 1564 2307 0Ωιιιιιι

362 2350 492 2425 partem
514 2338 658 2425 eligeret
678 2335 708 2403 si
729 2336 803 2405 eius
824 2336 964 2404 arbitrio
984 2359 1039 2405 res
1067 2348 1140 2405 tota
1168 2338 1431 2423 relinqueretur.
1458 2340 1497 2405 Et
1514 2339 1563 2404 hac

363 2454 507 2535 ratione,
541 2451 798 2540 praesupposita
830 2451 1020 2541 aptitudine
1052 2453 1211 2535 hominis,
1244 2464 1279 2523 et
1309 2453 1513 2524 obedientiae
1532 2472 1563 2519 ac

362 2568 603 2657 abnegationis
625 2570 861 2651 fundamenm,
892 2567 1098 2636 ordinarie
1089 2591 1124 2634 m
1145 2571 1248 2637 rebus
1268 2567 1406 2655 maioris
1428 2566 1562 2638 momenti

361 2685 616 2753 inclinationem
633 2682 761 2752 subditi
782 2694 925 2751 sanctus
946 2686 1049 2753 Pater
1072 2686 1292 2770 sequebatur.
1319 2687 1357 2752 In
1381 2686 1480 2754 rebus
1498 2704 1563 2750 uero

364 2800 600 2881 leuioribus,
591 2824 625 2867 m
654 2799 779 2886 quibus
807 2800 901 2866 nulla
928 2823 1003 2868 sese
1034 2800 1164 2867 subditi
1196 2802 1362 2888 prodebat
1394 2800 1560 2888 propensio,

354 2939 435 2983 eam
451 2916 464 2957 b
479 2938 542 3004 per
558 2917 633 2985 eius
649 2915 848 2983 familiarem
865 2914 1038 3000 aliquem
1029 2916 1239 3002 inuestigare
1255 2920 1454 2986 conabatur.
1469 2920 1560 3004 Quam

360 3033 461 3100 etiam
490 3035 534 3099 ob
555 3054 694 3100 causam
716 3030 752 3097 in
780 3031 1099 3111 consultationibus
1118 3031 1206 3099 inter
1230 3033 1361 3101 motiua
1387 3028 1560 3119 iniungendi

359 3149 504 3216 alicuius
522 3148 624 3215 officii
642 3147 757 3228 alicui,
776 3148 868 3232 quod
885 3157 1025 3213 sanctus
1042 3148 1268 3235 Patermagis
1278 3150 1492 3237 ponderabat,
1504 3156 1560 3213 erat

360 3264 535 3331 inclinatio
552 3263 681 3331 subditi
697 3264 740 3331 ad
762 3262 955 3331 faciendum
976 3263 1105 3347 aliquid
1127 3265 1182 3332 tel
1201 3286 1271 3331 non
1293 3265 1486 3333 faciendum.
1505 3263 1560 3328 lie

359 3390 563 3460 rumtamen,
582 3379 738 3464 quamvis
754 3388 894 3445 sanctus
910 3381 1014 3445 Pater
1028 3381 1188 3466 probaret
1203 3377 1441 3449 inclinationes
1457 3374 1560 3447 subditi

360 3496 574 3563 obedientiae
591 3494 764 3563 subiectas
780 3506 813 3563 et
835 3494 878 3560 ad
901 3515 1045 3579 omnem
1062 3493 1137 3562 eius
1160 3506 1284 3563 nutum
1307 3508 1452 3583 paratas,
1473 3489 1559 3576 magis

359 3624 472 3679 tamen
488 3612 648 3677 laudabat
666 3610 752 3689 illas,
771 3630 859 3695 quae
875 3611 919 3677 ad
935 3611 1063 3677 nullam
1079 3632 1151 3677 rem
1168 3610 1203 3677 in
1219 3611 1419 3698 particulari
1439 3628 1558 3698 propen-

354 3729 496 3809 debant,
515 3728 576 3793 sed
594 3736 726 3793 tantum
742 3728 785 3793 ad
802 3726 847 3807 id,
867 3727 959 3810 quod
975 3726 1129 3812 superior
1145 3726 1272 3796 diserte
1283 3729 1522 3815 praescriberet.

424 3842 571 3911 Dicebat
598 3845 708 3910 solere
735 3844 848 3909 Deum
871 3840 920 3908 illi
943 3842 1030 3927 parti
1048 3842 1182 3910 maiora
1204 3842 1425 3929 suppeditare
1445 3835 1556 3915 auxilia,

354 3980 460 4043 quarn
488 3958 633 4025 daemon
653 3956 766 4025 acrius
786 3956 978 4038 inuaderet;
1000 3957 1165 4043 ideoque,
1189 3959 1272 4027 dum
1296 3958 1444 4045 aliquam
1463 3966 1558 4023 contra

353 4072 561 4142 Societatem
577 4072 758 4143 excitatam
776 4094 851 4141 esse
867 4072 1051 4159 procellam
1067 4072 1213 4154 audiret,
1232 4074 1355 4160 plenus
1367 4075 1476 4143 diurna
1484 4069 1556 4136 fidu

352 4190 406 4257 cia
423 4188 555 4257 felicem
568 4188 697 4257 exitum
713 4189 946 4275 exspectabat.
962 4188 1039 4255 Non
1057 4189 1221 4257 censebat
1236 4201 1373 4257 nostros
1390 4186 1556 4257 sacerdotes

355 4305 530 4373 uocandos
547 4327 622 4373 esse
640 4308 773 4386 PatreS,
792 4302 843 4371 uti
859 4324 924 4370 nec
939 4303 1162 4371 scholasticos
1182 4317 1242 4373 aut
1263 4303 1472 4374 coadiutores
1487 4302 1555 4369 Fra·

352 4432 448 4487 tresc
453 4431 514 4504 ,ut
530 4430 565 4486 et
582 4417 810 4505 appellatione
821 4418 999 4485 nominum
1014 4419 1290 4507 disiungeremur
1306 4422 1350 4489 ab
1367 4422 1440 4489 aliis
1451 4412 1555 4487 ordini·

407 4674 420 4713 b
457 4688 525 4727 eum
540 4688 595 4726 ms.
633 4684 682 4713 -0
701 4668 886 4725 coadiutores
900 4670 932 4725 F.
948 4669 986 4726 G.
1002 4688 1058 4732 ms,
