3500 5367
317 448 540 504 Menonrnrrrr
561 463 604 505 ns
623 448 654 504 S.
675 450 810 505 Iouarro
829 464 849 504 a
869 448 903 503 Ρ.
924 448 1079 507 Lascrcro
1098 463 1264 507 curram
1318 468 1371 521 5²9

165 621 335 687 processu
352 600 619 669 canonizationis
636 603 673 671 S.
692 600 829 689 Ignatii,
848 624 964 668 coram
983 605 1159 670 Bernardo
1174 605 1218 669 de
1231 605 1406 672 Sandoual

166 728 202 785 et
215 717 334 801 Roias,
346 729 485 785 sanctae
497 740 658 787 romanae
669 717 834 785 ecclesiae
846 718 1021 785 cardinale
1032 729 1067 787 et
1077 718 1337 805 archiepiscopo
1352 731 1401 787 to-

166 835 299 913 letano,
314 843 349 901 et
365 822 479 901 coram
493 834 679 902 Melchiore
690 834 734 901 de
747 834 845 902 Suria
859 835 958 915 Vela,
971 833 1132 921 episcopo
1150 835 1293 916 troiano,
1309 856 1405 902 corn-

167 947 326 1015 missario
347 948 546 1036 apostolic0,
564 947 756 1036 designatis
776 949 987 1019 authoritate
1007 950 1098 1017 sedis
1118 949 1330 1037 apostolicae
1345 974 1406 1039 per

167 1065 317 1131 Paulum
334 1064 491 1151 quintum
508 1088 529 1131 a
544 1066 686 1152 sac[rae]
705 1076 718 1105 ⁰
734 1070 894 1133 romanae
910 1078 1005 1133 rotae
1021 1065 1247 1133 auditoribus.
1305 1103 1308 1110 ·

236 1182 361 1248 Habeo
384 1202 522 1266 quoque
549 1202 654 1268 penes
676 1202 742 1261 me,
761 1203 852 1248 ame
868 1204 911 1249 err
933 1196 1075 1247 romano
1094 1180 1254 1268 originali
1275 1183 1406 1250 descri-

166 1308 281 1382 ptum,
299 1296 452 1365 libellum
468 1296 643 1363 ¹visionum
668 1300 705 1366 S.
726 1299 764 1363 P.
791 1296 927 1383 Ignatii,
945 1300 989 1363 ab
1006 1297 1150 1382 ipsomet
1177 1309 1298 1365 sancto
1319 1300 1406 1365 scri-

166 1422 267 1496 pturn
279 1409 295 1451 ‘¹
305 1412 387 1478 dum
401 1411 674 1480 Constitutiones
686 1413 864 1493 scriberet,
877 1412 1064 1479 honorifice
1076 1424 1380 1493 commemoratum
1393 1428 1406 1455 ⁶

165 1550 187 1593 a
200 1525 441 1614 Ribadeneyra
457 1528 491 1593 in
507 1528 578 1595 uita
594 1528 631 1598 S.
649 1528 773 1610 Patris,
791 1530 813 1595 l.
832 1548 865 1611 4,
885 1549 916 1595 c.
937 1548 969 1609 23
987 1539 1022 1595 et
1034 1552 1055 1595 a
1067 1528 1218 1609 Maffeio,
1232 1531 1256 1595 1.
1276 1549 1309 1613 3,
1324 1551 1354 1597 c.
1376 1550 1405 1611 13

166 1655 204 1709 et
222 1645 267 1709 ab
283 1638 486 1725 Orlandino,
505 1646 528 1711 l.
552 1664 602 1725 10,
621 1644 714 1712 Hist.
733 1646 829 1725 Soc,
848 1666 884 1711 n.
910 1646 964 1728 56.
988 1647 1026 1711 ln
1046 1636 1115 1730 quo
1135 1645 1251 1711 libello
1270 1645 1408 1713 inueni-

168 1770 228 1825 tur
242 1758 400 1845 pluribus
415 1758 450 1825 in
464 1759 550 1826 locis
565 1783 586 1826 a
605 1761 642 1829 S.
670 1763 709 1827 P.
734 1759 869 1847 Ignatio
888 1759 1069 1846 scripturn,
1091 1781 1167 1827 esse
1188 1772 1223 1826 et
1239 1783 1259 1827 a
1279 1760 1407 1827 diuinis

169 1873 329 1961 personis
344 1886 379 1941 et
394 1897 414 1941 a
431 1878 531 1942 beata
549 1875 707 1962 Virgine,
730 1874 795 1941 sibi
816 1886 919 1961 saepe
940 1874 1196 1962 apparentibus,
1219 1878 1407 1963 approbata

167 1990 229 2056 illa
244 1988 540 2057 Constitutionum
553 2002 683 2077 puncta
698 1994 742 2059 de
757 1991 884 2077 quibus
899 1965 1121 2075 deliber‘abat,
1136 2004 1173 2061 et
1188 2013 1276 2077 quae
1288 2002 1408 2079 postea

168 2105 322 2191 scripsit,
346 2116 381 2172 et
401 2127 478 2175 esse
498 2106 593 2174 illum
620 2108 664 2175 ad
690 2128 732 2175 ea
755 2108 938 2175 statuenda
960 2106 1152 2188 incitatum,
1178 2120 1251 2174 turn
1268 2130 1329 2195 per
1345 2110 1409 2175 has

169 2221 417 2309 apparitiones
436 2234 509 2289 turn
525 2244 586 2308 per
602 2222 846 2290 illustrationes
859 2244 1015 2309 magnas
1035 2245 1122 2309 quas
1137 2235 1221 2289 tunc
1241 2222 1409 2290 diuinitus

171 2337 384 2424 percipiebat
401 2359 479 2404 cum
497 2337 592 2405 miris
607 2338 766 2406 sensibus
788 2338 937 2423 pietatis,
960 2359 1048 2423 quos
1068 2338 1220 2405 referunt
1241 2336 1326 2405 locis
1347 2361 1407 2404 su-

171 2476 234 2540 pra
246 2452 362 2520 citatis
375 2464 445 2521 tres
456 2453 504 2519 illi
516 2452 712 2539 scriptores.
728 2454 821 2533 Ideo,
836 2475 915 2521 curn
927 2453 1172 2540 approbatione
1185 2456 1229 2520 A.
1246 2455 1287 2521 R.
1304 2455 1344 2520 P.
1360 2456 1405 2520 N.

170 2568 312 2637 Claudii
328 2569 532 2655 Aquauiuae
548 2570 720 2656 generalis
737 2569 829 2638 edita
844 2568 922 2652 suit,
940 2592 995 2635 me
1011 2581 1046 2637 et
1059 2571 1099 2637 R.
1117 2570 1156 2635 P.
1172 2568 1330 2655 Philippo
1347 2569 1405 2635 Ri-

171 2684 280 2767 naldi,
296 2696 427 2753 rectore
439 2685 575 2772 collegii
587 2686 787 2772 germanici,
802 2697 1020 2773 procurante,
1035 2688 1164 2752 Romae
1180 2706 1271 2751 anno
1288 2685 1372 2772 1609
1385 2684 1405 2764 s,

171 2805 341 2891 impressa
356 2802 392 2868 in
409 2801 627 2889 imaginibus,
652 2803 723 2869 uita
750 2805 789 2872 S.
813 2806 853 2870 P.
885 2802 1021 2887 Ignatii,
1040 2802 1074 2868 in
1099 2819 1181 2886 qua,
1205 2800 1332 2888 pagina
1348 2801 1406 2884 65,

171 2918 286 3004 posita
300 2929 354 2985 cst
369 2921 455 2986 haec
471 2916 613 2985 historia
633 2939 712 2984 curn
734 2919 793 2985 tali
812 2917 1074 3004 subscriptione:
1107 2916 1311 2985 «societatis
1322 2919 1407 3004 Jesu

172 3033 451 3103 Constitutiones
466 3033 702 3121 frequentibus
723 3032 918 3101 diuinarum
940 3054 1163 3119 personarum
1185 3030 1408 3119 apparitioni-

171 3153 241 3216 bus
260 3160 364 3235 atque
391 3148 688 3231 illustrationibus,
718 3148 914 3217 beatissima
940 3148 1023 3217 item
1040 3147 1185 3234 Virgine
1210 3169 1313 3233 saepe
1335 3146 1408 3213 uisa

171 3276 281 3351 atque
297 3266 372 3332 illas
388 3266 615 3352 approbante,
633 3263 854 3332 conscribit.»

242 3383 367 3450 Habeo
378 3383 470 3468 apud
480 3380 717 3467 meexemplar
727 3378 835 3447 Diarii
845 3380 1017 3447 dictorum
1027 3392 1063 3447 et
1074 3381 1243 3445 factorum
1255 3379 1292 3447 S.
1309 3381 1349 3446 Ρ.
1360 3380 1408 3447 N.

174 3496 314 3585 Ignatii,
332 3496 451 3583 scripti
467 3520 486 3563 a
504 3498 540 3563 P.
560 3496 736 3563 Ludouico
751 3497 925 3563 Consaluo
940 3495 984 3561 de
1000 3496 1157 3575 Camara,
1172 3517 1193 3561 a
1208 3516 1264 3561 me
1279 3494 1410 3562 descri-

173 3626 273 3701 ptum
281 3634 324 3680 ex
338 3634 481 3679 romano
492 3610 662 3698 originali,
675 3610 759 3677 mihi
771 3612 1030 3678 accommodato
1042 3610 1121 3677 olim
1135 3610 1180 3675 ab
1192 3612 1237 3677 Α.
1253 3610 1294 3675 R.
1307 3610 1347 3675 Ρ.
1362 3611 1407 3675 N.
1474 3598 1478 3606 ’

173 3729 324 3798 Claudio
352 3727 536 3813 Aquauiua
560 3727 728 3813 generali,
758 3726 793 3792 in
818 3748 887 3811 quo
914 3725 1048 3807 Diario,
1082 3725 1210 3812 pagina
1238 3724 1322 3790 mihi
1352 3741 1408 3808 50,

173 3846 226 3915 lit.
243 3847 290 3913 H.
312 3849 336 3926 ⁷,
354 3844 490 3932 scripsit
507 3846 546 3911 P.
558 3844 753 3911 Consaluus
764 3842 919 3929 dic[tum]
934 3842 1057 3910 gsibia
1075 3846 1114 3909 Ρ.
1130 3841 1278 3927 Ignatio:
1300 3841 1410 3906 «mul-

174 3976 230 4030 tas
245 3962 329 4030 alias
345 3982 418 4029 res»
438 3962 584 4046 (praeter
599 3958 764 4043 quasdam
782 3979 851 4025 non
867 3958 1078 4043 essentiales)
1097 3956 1152 4023 «in
1165 3956 1338 4025 Societate
1354 3975 1411 4021 or-

173 4079 325 4159 dinatas,
343 4098 380 4147 se
397 4074 604 4163 intellexisse
621 4077 801 4142 Manresae
821 4073 856 4140 in
878 4096 946 4141 una
967 4094 1097 4159 magna
1114 4071 1341 4138 illustratione
1356 4070 1411 4136 in-

174 4195 348 4271 tellectus,
367 4213 388 4257 a
404 4190 553 4257 Domino
575 4199 694 4256 nostro
716 4187 985 4257 manifestatasr:
1004 4189 1098 4255 etad
1118 4209 1193 4254 earn
1210 4186 1411 4252 illustratio-

178 4334 394 4347 —..-—-—-

231 4414 244 4441 c
282 4395 399 4451 Attrita
409 4400 452 4450 est
462 4396 579 4450 charta.
612 4397 662 4437 -d
682 4394 783 4465 scripti
798 4412 853 4450 ms.
888 4409 935 4436 --ο
954 4391 1240 4457 commemoratims.
1274 4394 1321 4434 -f
1336 4407 1412 4446 anno

176 4490 265 4559 1.6.9.
280 4504 327 4541 ms
364 4500 412 4537 -s
432 4483 549 4539 Attrita
562 4488 605 4537 est
617 4485 737 4538 charta.

232 4682 242 4711 ἵ
281 4675 387 4746 Supra,
401 4688 468 4745 pag.
487 4685 550 4741 220,
566 4688 595 4725 n.
614 4668 674 4739 ¹37·

314 4770 415 4816 Morou.
431 4766 646 4813 lesan-Serus·
661 4768 707 4823 tv,
723 4780 777 4811 ron.
795 4766 807 4811 1
