3500 5367
377 482 560 537 Drcramm
579 478 611 535 S.
634 478 755 543 lonarn
775 494 795 533 a
815 478 848 534 P.
870 478 1025 535 Lancrcro
1046 490 1212 535 comacra
1324 479 1378 549 483

167 632 385 715 Salmeroni,
409 644 443 701 et
466 630 646 712 Madridio,
668 652 755 716 quos
777 630 925 717 optimos
953 633 1134 719 theologos
1161 632 1305 717 sciebat,
1330 644 1415 701 num

174 760 295 839 posset
311 750 357 816 ob
373 748 512 834 aliquod
528 758 705 834 peccatum
722 746 877 827 mortale,
897 747 932 813 in
952 746 1169 816 consessione
1185 749 1258 815 sola
1278 748 1416 817 intelle-

170 880 287 946 ctum,
305 864 512 950 quempiam,
532 866 597 930 sub
613 862 680 929 alio
693 874 806 929 tamen
823 873 1003 948 praetextu
1019 874 1055 931 et
1070 885 1174 931 eausa
1186 864 1301 949 aliqua
1315 875 1414 933 exte*

175 982 268 1049 riore
285 980 427 1049 inuenta
443 984 565 1066 (perse
581 979 719 1064 quidem
737 979 779 1044 ad
797 976 1030 1046 dimissionem
1055 998 1124 1045 non
1144 979 1350 1062 sufficiente,
1362 981 1417 1047 ob
1463 1000 1469 1011 ·

171 1119 284 1183 quam
302 1106 415 1163 tamen
432 1096 599 1163 dimissus¹
610 1106 726 1182 posset
742 1094 939 1162 existimare
955 1116 993 1161 se
1009 1117 1085 1162 esse
1102 1094 1292 1181 dimissum)
1307 1119 1327 1163 e
1348 1099 1417 1167 So-

176 1210 307 1282 cietate
323 1211 509 1281 dimittere.
528 1210 804 1297 Responderunt,
828 1210 968 1277 omnino
989 1210 1024 1276 id
1045 1234 1158 1297 passej
1182 1233 1261 1279 cum
1282 1224 1415 1281 certum

174 1328 223 1396 sit
240 1352 284 1395 ex
300 1326 499 1395 dimissione
517 1326 619 1393 unius
635 1348 705 1396 non
721 1324 917 1395 necessario
937 1325 1054 1393 inferri
1076 1326 1215 1412 aliquod
1236 1330 1379 1397 mortale
1396 1352 1422 1395 a

175 1444 323 1513 dimisso
341 1444 446 1510 fuisse
462 1441 663 1509 commisum
680 1452 872 1529 peccatum,
891 1454 927 1511 et
942 1442 1069 1508 multos
1086 1444 1131 1509 ob
1146 1443 1296 1511 leuiores
1312 1445 1417 1531 longe

175 1558 299 1627 lethali
316 1558 457 1626 crimine
474 1560 630 1627 defectus
649 1558 769 1637 solere,
780 1556 918 1623 dimitti.
942 1559 1060 1643 Atque
1081 1560 1149 1624 hoc
1171 1569 1329 1625 sanctum
1348 1562 1418 1626 Pa·

180 1690 273 1744 trem
290 1674 325 1741 in
342 1664 435 1741 more
453 1674 613 1742 habuisse
634 1672 813 1758 aliquoties
830 1673 903 1760 ipse
923 1696 992 1740 non
1013 1674 1161 1743 obscure
1181 1674 1370 1742 insinuauit
1390 1678 1417 1742 ⁰.

182 1793 250 1861 Vel
268 1790 349 1857 hinc
371 1789 545 1875 querulosi
564 1800 755 1877 agnoscant
782 1788 952 1857 immerito
978 1790 1094 1856 nunci
1121 1789 1315 1877 superiores
1331 1813 1419 1858 non·

183 1908 301 1975 nullos
318 1906 462 1987 traduci,
480 1906 562 1971 dum
579 1904 755 1971 dimittunt
771 1905 978 1992 quempiam,
1001 1928 1069 1973 non
1090 1908 1135 1972 ob
1156 1930 1210 1975 res
1226 1906 1261 1973 in
1283 1908 1420 1975 confes·

178 2024 284 2091 sione
298 2024 353 2089 uel
368 2020 640 2090 manifestatione
651 2020 882 2089 conscientiae
893 2020 1027 2090 auditas
1041 2024 1143 2109 (quod
1157 2044 1201 2091 ne
1213 2024 1305 2089 tiata
1321 2046 1422 2110 prae-

187 2138 313 2227 positis
330 2136 550 2225 generalibus
565 2159 635 2204 non
650 2139 755 2206 semel
779 2148 830 2206 est
847 2138 1017 2222 uetitum];
1036 2140 1109 2218 sed,
1128 2139 1202 2206 sine
1224 2140 1292 2206 ulla
1308 2160 1423 2207 secre-

183 2254 287 2322 tioris
308 2254 371 2320 fori
390 2234 521 2333 notitia,
540 2256 584 2319 ob
604 2254 733 2340 lapsus,
757 2255 811 2319 vel
834 2275 956 2321 causas
971 2253 1008 2321 in
1036 2256 1109 2320 loro
1131 2266 1272 2322 externo
1288 2256 1424 2343 patela-

184 2382 276 2451 ctas,
291 2368 497 2456 quempiam,
513 2381 674 2454 tanquam
690 2368 879 2437 scabiosam
892 2391 1004 2449 ouem,
1019 2372 1063 2435 ab
1083 2370 1165 2437 ouili
1182 2382 1366 2440 secernunt
1379 2394 1424 2436 ne
1476 2366 1480 2392 ¹

188 2486 346 2553 inficiant
363 2484 458 2553 alios.
710 2556 713 2563 ,

260 2604 436 2687 Quantam
453 2612 567 2669 autem
585 2598 765 2687 puritatem
784 2611 816 2669 et
834 2600 926 2667 uitae
942 2600 1175 2687 integritatem
1192 2625 1268 2671 esse
1285 2597 1431 2669 sanctus'

191 2716 351 2787 Peterin
369 2716 541 2785 Societate
556 2714 715 2795 uoluerit,
734 2737 797 2782 suo
814 2716 889 2783 loco
905 2718 1207 2797 demonstrabitur,
1231 2718 1341 2785 allatis
1363 2740 1427 2784 ua·

188 2834 264 2913 riis,
283 2834 327 2899 ob
351 2854 435 2917 quas
453 2834 566 2919 plnres
581 2831 733 2899 dimissij
750 2842 843 2910 sunt,
862 2831 976 2899 causis
990 2833 1094 2919 lange
1117 2831 1317 2914 minoribus,
1336 2828 1430 2920 quae'

191 2970 289 3015 nunc
311 2948 456 3035 spectari
480 2949 610 3017 soleant
633 2948 666 3013 in
687 2948 884 3015 dimissione
904 2946 1124 3020 discolorurn.
1149 2950 1263 3016 Addo:
1286 2961 1428 3016 sanctus

195 3070 303 3134 Pater
319 3066 362 3130 ab
383 3063 475 3131 omni
496 3064 658 3151 grauiore
679 3065 775 3149 lapsu
801 3064 986 3133 Societatis
1009 3064 1166 3133 homines
1190 3066 1331 3151 optabat
1352 3086 1429 3133 esse

192 3182 379 3259 immunes,
396 3192 433 3246 ut
448 3180 563 3247 dicere
579 3179 716 3259 soleret,
731 3200 768 3246 se
784 3180 875 3247 nolle
886 3182 951 3246 sub
968 3180 1087 3248 eodem
1105 3191 1196 3248 tecto
1212 3203 1279 3246 vna
1295 3191 1429 3247 tantum

194 3309 300 3365 nocte
316 3296 475 3375 dormire,
495 3295 522 3363 si
540 3318 641 3382 quem
658 3294 784 3363 ibidem
801 3295 906 3363 sciret
917 3295 1051 3363 mortali
1067 3296 1182 3381 aliquo
1196 3296 1211 3335 k
1227 3308 1302 3366 ess'e
1319 3297 1432 3383 inqui-

196 3424 319 3479 natum
337 3424 491 3497 peccato

310 3576 656 3657 oxbo'nonsssrtctts
673 3610 845 3657 TEMPORE
867 3610 995 3657 sanun
1014 3612 1143 3659 PATRIS
1160 3612 1316 3661 lGNATll.
1379 3638 1382 3644 ·

266 3761 476 3837 Praeterea,
496 3779 584 3855 quae
600 3778 702 3843 supra
723 3757 924 3838 dictasunt,
942 3761 1238 3828 commemoranda
1255 3772 1336 3827 sunt
1352 3760 1432 3839 alia,

191 3896 299 3959 quae,
316 3873 457 3941 uiuente
469 3884 589 3940 sancto
602 3870 747 3959 lgnatiO,
763 3875 891 3941 Romae
902 3871 1140 3940 seruabarltur.
1157 3876 1321 3961 Elapsis7
1338 3876 1437 3943 horis

196 3988 323 4069 somni,
341 3988 597 4087 excitatorusine
616 3988 776 4075 ingressu
793 3989 827 4055 in
844 3990 1017 4071 cubicula,
1035 3993 1126 4059 fores
1139 4002 1271 4057 tanturn
1293 3994 1436 4078 pulsan-

193 4107 257 4185 do,
267 4126 375 4171 -sanos
391 4104 600 4173 dormientes
615 4102 800 4173 excitabat.
819 4106 943 4191 Elapso
958 4104 1036 4172 dein
1055 4109 1161 4173 horae
1174 4108 1365 4192 quadrante
1381 4108 1443 4222 in'sst‘

194 4220 425 4306 grediebatur
448 4218 662 4307 singulorum
691 4220 861 4301 cubicula,
893 4231 944 4301 et,
975 4220 1129 4306 siquem
1158 4224 1269 4290 adhuc
1291 4223 1326 4289 in
1347 4224 1442 4291 lecto

204 4376 418 4390 ...—.——-

256 4472 511 4527 iimmeritorum
527 4488 582 4530 atas.
621 4473 663 4524 -i
682 4472 803 4527 demissi
819 4490 872 4531 ms.
911 4476 962 4515 -k
981 4474 1109 4546 aliquem
1124 4492 1179 4530 ms.
1270 4496 1274 4501 ·

202 4612 420 4627 *uu—u—

238 4706 251 4738 l
289 4704 365 4761 Vide
378 4723 454 4781 quae
467 4724 566 4779 supra,
581 4724 647 4779 pag.
663 4704 727 4779 331,
740 4708 794 4763 hac
808 4726 897 4781 super
910 4725 942 4764 re
952 4706 1091 4763 diximus.
