3500 5367
833 472 1017 527 Panararro
1468 485 1497 527 11

305 620 370 687 mis
385 621 480 689 visus
501 634 553 691 est
574 624 742 711 Ignatius,
765 627 826 693 sed
846 624 913 690 illis
932 636 985 693 est
1007 623 1114 706 visuS,
1137 624 1208 709 qui,
1231 624 1380 711 speciem
1403 635 1537 692 tantum

307 758 418 804 rerum
436 760 476 805 ac
492 739 590 824 quasi
607 739 749 825 primam
769 741 913 807 frontem
927 739 1049 808 leviter
1060 738 1278 826 aspicientes,
1294 762 1358 807 nec
1374 740 1535 819 rationeS,

305 850 430 935 quibus
446 852 503 921 ille
519 852 723 937 ducebatur,
742 855 947 942 perscrutati
960 867 1052 935 sunt,
1067 876 1131 922 nec
1143 854 1314 935 homines,
1329 856 1536 941 quibuscum

305 966 354 1032 sic
381 970 520 1055 agebat,
550 983 799 1057 cognoverunt.
830 973 953 1053 Nemo,
983 984 1021 1037 ut
1042 971 1209 1058 IgnatiuS,
1232 994 1345 1040 rerum
1373 972 1538 1057 adjuncta

305 1082 555 1167 considerabat3
575 1107 676 1155 nemo
692 1087 750 1153 illo
766 1086 922 1153 exactius
937 1086 1028 1155 vires
1044 1096 1113 1154 tam
1133 1086 1237 1179 animi
1258 1109 1360 1173 quam
1381 1086 1539 1173 corporis

305 1219 445 1266 suorum
468 1202 683 1269 subditorum
705 1202 950 1289 perpendebat,
973 1226 1018 1272 ne
1040 1224 1128 1270 onus
1153 1203 1219 1269 illis
1245 1203 1446 1289 imponeret,
1476 1201 1532 1269 cui

305 1316 444 1381 ferendo
461 1313 611 1402 impares
632 1328 758 1386 essent:
781 1331 817 1387 at
837 1317 1070 1398 nihilominus
1093 1318 1226 1387 etiamsi
1248 1318 1362 1385 omnia
1382 1317 1535 1384 circum-

302 1430 446 1514 spiceret
458 1442 493 1497 et
509 1432 544 1499 in
557 1433 804 1519 benignitatem
817 1434 1044 1519 potiusquam
1061 1433 1096 1499 in
1108 1433 1325 1503 severitatem
1339 1432 1529 1511 inclinaret,

303 1565 381 1611 cum
398 1546 603 1631 quibusdam
620 1560 733 1617 tamen
749 1550 943 1617 lectissimis
959 1549 1054 1629 viris,
1073 1548 1204 1636 Lainio‚
1230 1548 1357 1631 Natali,
1381 1549 1536 1615 Polanco

303 1660 446 1747 aliisque
462 1663 643 1746 similibus,
658 1664 785 1749 quibus
801 1667 948 1732 multum
964 1665 1104 1744 fidebat,
1122 1664 1287 1732 acerrime
1303 1686 1342 1731 ac
1358 1683 1479 1732 severe
1494 1685 1534 1730 se

300 1799 422 1863 gerere
450 1777 630 1846 videbatur
658 1782 683 1845 ⁹.
710 1782 825 1865 Quam
852 1781 980 1868 agendi
1009 1780 1176 1848 rationem
1204 1778 1412 1866 improbabit
1439 1788 1537 1847 certe

301 1915 415 1973 nemo,
434 1894 493 1980 qui
510 1906 583 1962 tum
599 1896 837 1965 auctoritatem
854 1896 992 1983 Ignatii,
1008 1917 1110 1981 quern
1126 1918 1245 1964 ornnes
1261 1895 1314 1961 sui
1326 1893 1400 1975 filii,
1414 1907 1453 1960 ut
1466 1896 1532 1963 So-

301 2009 435 2077 cietatis
461 2024 565 2096 caput
591 2012 785 2098 divinisque
806 2014 1019 2079 cumulatum
1047 2011 1260 2092 muneribus,
1283 2011 1380 2097 quasi
1403 2032 1533 2077 numen

299 2120 444 2211 aliquod
454 2127 489 2191 in
505 2128 616 2207 terriS,
635 2128 879 2215 suspiciebant,
899 2139 971 2195 tum
992 2128 1094 2197 etiarn
1115 2151 1225 2195 raram
1247 2127 1409 2195 virtutem
1431 2147 1531 2211 prae-

302 2242 550 2327 cellentemque
566 2243 670 2310 animi
686 2244 926 2313 demissionem
942 2245 1076 2311 illorum
1092 2244 1255 2326 virorum,
1274 2265 1361 2329 quos
1377 2240 1536 2329 Ignatius

301 2358 386 2425 adeo
408 2358 506 2426 facile
526 2358 561 2424 in
582 2380 717 2427 omnem
740 2372 872 2445 partem
894 2361 1063 2440 versabat,
1087 2371 1218 2426 attento
1239 2348 1352 2425 animo
1376 2355 1530 2424 conside·

301 2456 438 2542 'raverit

368 2593 467 2677 Quae
482 2592 609 2675 omnia,
627 2604 666 2659 ut
682 2591 961 2678 supradiximus,
980 2613 1161 2677 nusquam,
1176 2592 1268 2677 quod
1279 2589 1442 2669 sciamuS,
1457 2609 1532 2653 me·
1599 2624 1603 2633 ·

299 2706 366 2773 lius
382 2708 585 2795 planiusque
601 2730 704 2794 quam
720 2709 755 2773 in
769 2707 824 2774 his
840 2707 1093 2775 commentariis
1109 2704 1276 2793 cognosci
1292 2715 1449 2791 possunt.

366 2826 465 2909 Quae
477 2847 556 2891 cum
568 2816 615 2891 ita
627 2824 707 2903 sint,
722 2824 821 2893 facile
833 2826 940 2891 lector
951 2824 1140 2891 benevolus
1155 2820 1340 2889 Consalvio
1353 2820 1532 2887 condona-

299 2939 361 3019 bit,
379 2940 408 3005 si
424 2941 561 3025 quando
577 2940 634 3007 hic
650 2951 850 3007 accuratum
867 2960 981 3005 rerum
1001 2938 1154 3006 ordinem
1171 2934 1373 3023 neglexerit,
1392 2932 1532 3020 saepius

300 3054 525 3123 inculcaverit
540 3058 683 3137 eadem,·
693 3078 832 3125 sensum
849 3055 1086 3141 imperfectum
1108 3072 1366 3136 nonnumquam
1382 3048 1527 3134 relique·

298 3170 355 3251 rit,
374 3170 439 3237 alia
455 3174 600 3238 sortasse
616 3171 733 3258 magni
749 3171 926 3251 momenti,
943 3172 1080 3239 labente
1096 3167 1270 3246 memoria,
1289 3164 1528 3254 praetermise-

297 3284 354 3366 rit,
374 3308 426 3369 ac,
445 3299 483 3352 ut
499 3297 580 3354 sunt
595 3288 732 3356 diversa
747 3288 926 3353 hominum
943 3284 1082 3372 ingenia
1096 3295 1131 3351 et
1150 3282 1386 3369 unusquisque
1393 3279 1528 3366 judicat

297 3413 402 3486 prout
421 3401 581 3483 afficitur,
605 3424 669 3470 suo
685 3402 819 3489 judicio
838 3404 1021 3482 adductus,
1043 3422 1084 3467 ea
1104 3398 1287 3485 aliquando
1307 3407 1529 3465 consectatus

297 3528 350 3584 est
366 3518 574 3606 uberiusque
596 3517 828 3605 amplificavit,
851 3540 939 3603 quae
960 3516 1071 3602 magis
1090 3516 1166 3601 ejus
1184 3514 1336 3580 animum
1358 3510 1530 3580 feriebant

296 3643 357 3699 aut
384 3633 540 3720 propriae
560 3634 665 3701 indoli
686 3634 808 3702 melius
829 3634 1152 3700 accomodabantur.
1178 3632 1265 3697 Nam
1287 3637 1528 3715 praeterquam
1564 3685 1566 3692 ι

295 3752 388 3833 quod
404 3751 531 3815 malum
549 3754 628 3829 hoc,
647 3750 676 3815 si
693 3751 807 3816 forsan
823 3749 858 3814 in
872 3747 1094 3815 Consalvium
1107 3746 1210 3825 cadit,
1224 3746 1351 3810 malum
1368 3742 1527 3827 estquod

294 3885 413 3932 secum
445 3875 589 3931 naturae
621 3868 794 3933 humanae
813 3863 976 3932 ·'conditio
1003 3874 1169 3949 perpetuo
1202 3862 1283 3940 fert,
1313 3858 1348 3924 id
1376 3858 1528 3942 irrepere

293 3981 472 4047 dumtaxat
496 3980 622 4067 poterit
647 3982 682 4048 in
710 3980 954 4051 commentaria
974 3990 1008 4047 et
1025 3977 1157 4065 judicia
1177 3976 1236 4042 uni
1258 3973 1442 4043 Consalvio
1463 3972 1525 4038 tri·

293 4097 444 4179 buenda,
461 4117 549 4180 quae
566 4107 719 4166 extrema
735 4096 842 4183 ipsius
858 4106 984 4175 aetate,
1003 4092 1246 4182 septemdecim
1262 4104 1340 4178 post
1356 4110 1465 4156 annos
1481 4090 1528 4153 ab

346 4339 359 4373 ⁹
395 4336 451 4392 «N.
465 4338 498 4393 P.
513 4339 596 4394 suele
610 4339 730 4393 muchas
745 4354 833 4393 vezes
846 4338 939 4393 lleuar
951 4338 997 4392 los
1013 4335 1148 4391 subditos
1166 4350 1219 4406 por
1236 4340 1301 4388 esta
1319 4333 1377 4403 via,
1397 4332 1460 4385 esd
1478 4346 1523 4384 sa-

291 4428 354 4499 ber,
369 4426 519 4483 lotudoles
532 4428 562 4483 lo
578 4444 635 4500 que
653 4426 754 4483 tienen
767 4428 865 4482 bueno
877 4444 899 4499 y
911 4425 1111 4497 alagtndoles3
1124 4442 1144 4496 y
1158 4440 1190 4479 es
1204 4439 1262 4477 una
1279 4436 1349 4477 cosa
1365 4424 1482 4475 estrada
1495 4419 1525 4473 la

290 4512 515 4589 circunspecidn
526 4532 585 4590 que
599 4516 678 4573 tiene
692 4533 730 4573 en
743 4523 833 4573 trater
845 4514 1016 4588 qualquiera
1030 4530 1155 4587 persona
1172 4529 1231 4585 quc
1250 4528 1310 4583 sea,
1326 4527 1362 4582 sy
1379 4525 1418 4564 no
1435 4525 1468 4563 es
1482 4525 1524 4561 vn

291 4606 384 4662 Nadal
397 4624 417 4679 y
429 4610 447 4662 ί
459 4624 500 4662 un
512 4606 651 4673 Polanco,
665 4621 724 4678 quc
736 4608 753 4661 a
765 4613 846 4661 eston
859 4612 935 4659 trata
948 4604 995 4660 sin
1013 4602 1126 4673 ningr'm
1142 4608 1290 4673 respecto,
1307 4605 1392 4655 antes
1408 4596 1524 4653 duriter

287 4712 377 4767 ycon
390 4696 540 4767 rigurosos
552 4695 711 4767 capellos.»
722 4694 925 4752 Consanvrus
938 4705 983 4752 uu
995 4692 1144 4762 emina,
1157 4688 1348 4756 Memoriale,
1361 4705 1390 4742 n.
1408 4684 1450 4741 18.
1492 4680 1495 4687 '
