3500 5367
353 467 537 523 Responsio
556 466 589 521 Ρ.
610 466 760 521 Mauram
779 480 822 523 ao
842 466 874 523 P.
895 467 1040 525 Lrucrcu
1058 481 1246 525 rosruuxrx
1328 483 1385 541 5⁰9

147 641 149 644 ’
181 622 277 689 iilam
297 621 353 686 vel
375 641 445 686 non
471 620 646 700 laudabat,
676 620 731 687 vel
758 620 859 689 valde
882 642 985 707 parce
1012 632 1047 690 et
1066 622 1181 689 sobrie
1201 622 1237 689 id
1257 621 1417 691 faciebat.

183 738 238 821 7.⁰
255 738 372 823 Quod,
387 748 424 801 vt
436 735 635 802 cubiculum
648 735 798 802 habebat
810 736 952 820 humile,
966 736 1014 804 ita
1026 738 1273 824 supellectilem
1285 740 1419 809 habue-

181 853 230 919 rit
245 874 380 939 semper
396 850 578 933 modicam,
593 861 627 919 et
644 850 751 938 ipsam
768 872 903 937 semper
921 864 1071 921 tenuem.
1087 853 1140 919 8.⁰
1153 856 1257 938 Quod
1274 854 1422 922 virtutes

182 990 266 1037 suas
281 966 434 1035 studiose
449 968 656 1071 occultabat,
675 977 710 1033 et
724 988 787 1033 sua
803 988 940 1048 arcana,
958 968 1160 1037 deuotiones
1175 982 1210 1036 et
1226 970 1423 1055 spirituales

183 1084 451 1153 exercitationes
477 1106 548 1149 non
575 1083 827 1165 manifestabat,
858 1105 922 1151 nec
942 1084 1021 1150 sciri
1041 1085 1189 1153 volebat.
1217 1086 1420 1171 Exemplum

184 1211 275 1287 esto,
299 1200 393 1285 quod
414 1203 453 1267 P.
478 1199 632 1267 Didacus
653 1198 697 1267 de
716 1200 820 1280 Guia,
843 1201 1061 1268 venerandus
1081 1211 1116 1267 et
1136 1212 1277 1268 sanctus
1300 1224 1421 1283 senex,

183 1338 257 1383 non
273 1316 380 1383 semel
395 1314 495 1381 nobis
509 1314 643 1381 dixerit:
663 1318 696 1381 Ο
713 1315 742 1381 si
762 1336 898 1402 possem
914 1315 1028 1384 dicere
1042 1318 1087 1384 de
1103 1317 1270 1403 magistro
1286 1316 1423 1403 ignatio

185 1454 278 1517 quae
293 1431 378 1498 scio!
399 1432 431 1498 O
448 1431 476 1497 si
493 1452 532 1497 os
550 1452 617 1497 non
633 1440 724 1498 esset
740 1428 824 1495 mihi
841 1432 1009 1511 clausum,
1027 1445 1155 1516 quanta
1171 1443 1206 1500 et
1222 1454 1324 1517 quam
1347 1456 1422 1501 ma-

185 1570 259 1634 gna
275 1546 373 1613 vobis
389 1546 549 1615 dicerem!
571 1548 673 1613 Pater
687 1545 779 1611 enim
791 1544 838 1610 illi
855 1547 1078 1613 mandauerat
1090 1546 1127 1613 in
1139 1546 1266 1616 virtute
1282 1558 1425 1617 sanctae

184 1662 406 1731 obedientiae
433 1684 477 1729 ne
507 1662 550 1729 de
578 1663 681 1745 rebus
707 1661 779 1727 suis
806 1660 1050 1729 secretioribus
1076 1664 1259 1748 quicquam
1293 1663 1425 1732 diceret

185 1778 353 1867 quamdiu
370 1777 513 1845 viueret:
532 1787 607 1845 erat
626 1777 730 1857 enim,
749 1777 805 1845 vel
820 1778 923 1863 paulo
938 1789 1019 1845 ante
1040 1778 1165 1861 fuerat,
1188 1779 1263 1846 eius
1284 1780 1423 1846 confes·

186 1892 313 1975 sarius3
332 1904 488 1960 mortuus
504 1904 619 1959 autem
636 1892 708 1979 ipse
728 1903 782 1961 est
801 1906 882 1959 ante
896 1892 1009 1979 ipsum
1026 1897 1067 1961 B.
1087 1896 1235 1962 Patrem,
1255 1898 1309 1982 9.⁰
1325 1894 1425 1962 Licet

188 2009 462 2078 valetudinarius
477 2018 568 2074 esset
589 2018 624 2076 et
644 2008 764 2076 debilis
780 2021 807 2090 ¹¹,
829 2008 937 2075 voluit
959 2021 1072 2079 tamen
1088 2032 1131 2078 ex
1147 2010 1374 2096 eleemosynis
1389 2010 1426 2075 in

188 2128 296 2193 domo
311 2126 463 2211 professa
480 2146 613 2211 semper
628 2124 796 2192 victitare.

258 2260 292 2326 4.
343 2239 545 2325 Prophetias
571 2241 614 2306 ab
642 2238 961 2327 ipso‘pronunciari
991 2262 1168 2327 nunquam
1197 2241 1330 2323 audiui,
1360 2263 1427 2308 nec

159 2440 163 2447 ¹
186 2356 436 2443 pronunciatas
452 2355 534 2422 alias
550 2355 634 2439 scio,
649 2377 751 2443 quam
768 2356 859 2441 quod
877 2360 917 2423 Ρ.
937 2358 981 2424 Ν.
998 2359 1132 2443 Laynes
1148 2357 1225 2443 piae
1241 2357 1427 2424 memoriae
1510 2372 1514 2379 ·

185 2484 226 2541 et
243 2472 300 2539 alii
316 2472 523 2555 referebant,
541 2469 712 2554 videlicet,
733 2472 773 2537 Ρ.
792 2470 968 2560 Simonem
985 2473 1180 2558 Rodriguez
1196 2495 1268 2539 non
1280 2471 1425 2539 moritu-

187 2610 282 2669 rum,
305 2587 386 2655 licet
405 2586 611 2673 grauissimo
632 2588 753 2653 morbo
774 2589 1008 2669 decumberet,
1031 2609 1072 2655 ea
1094 2588 1308 2669 infirmitate3
1332 2588 1427 2672 quod

187 2690 360 2792 praedixit
378 2706 418 2769 P.
437 2704 562 2783 Fabro,
580 2701 711 2769 itineris
727 2702 855 2783 comiti,
869 2704 952 2770 dum
964 2706 1174 2783 Basannum,
1188 2716 1425 2789 aegrotantem

187 2820 344 2900 visurae,
373 2818 439 2887 iter
465 2819 604 2899 faceret,
634 2819 727 2903 quod
753 2828 788 2885 et
810 2822 849 2885 P.
878 2817 1105 2885 Ribadeueira
1132 2820 1250 2887 habet.
1276 2820 1359 2887 Item
1383 2820 1429 2885 de

187 2936 340 3022 collegio
356 2934 534 3022 parisiensi
551 2934 667 3001 audiui
684 2934 791 3015 illum,
809 2934 892 3000 dum
907 2935 943 3000 in
959 2936 1053 3002 Urbe
1069 2956 1192 3015 essem,
1207 2934 1333 3001 dixisse
1345 2937 1428 3021 (non

188 3051 285 3120 enirn
306 3052 418 3119 audeo
437 3052 605 3117 affirmare
629 3050 721 3135 quod
750 3072 792 3118 ex
820 3050 965 3137 ipsomet
992 3049 1211 3135 audiuerim),
1241 3048 1428 3135 collegium

190 3166 383 3254 parisiense
398 3176 475 3253 post
496 3187 687 3246 romanum,
710 3167 802 3251 quod
823 3175 897 3233 erat
917 3176 1000 3232 tunc
1018 3164 1290 3252 pauperrimum,
1312 3176 1347 3232 et
1368 3188 1429 3231 co·

188 3282 435 3363 nimbricense,
455 3293 537 3347 tunc
559 3282 647 3348 bene
663 3282 856 3362 fundatum,
876 3282 1031 3347 futurum
1046 3280 1083 3349 in
1103 3280 1277 3349 Societate
1298 3279 1430 3367 praeci-

190 3420 315 3487 puum.
340 3398 537 3483 Collegium
562 3419 662 3483 porro
690 3418 866 3463 romanum
890 3408 1013 3483 postea
1038 3399 1177 3463 domum
1203 3398 1325 3463 habuit
1349 3418 1430 3483 pro-

191 3512 316 3601 priam,
335 3534 412 3580 curo
430 3522 513 3579 tunc
533 3535 603 3579 non
620 3514 760 3580 haberet
776 3511 840 3578 nisi
856 3511 1114 3595 conductitiam;
1138 3523 1344 3598 prouentum
1366 3534 1432 3578 au-

193 3642 264 3696 tem
278 3630 388 3695 solum
401 3629 550 3695 habebat
562 3628 829 3715 quingentorum
843 3638 1097 3711 coronatorum,
1107 3649 1194 3713 quos
1204 3630 1244 3695 P.
1259 3630 1305 3698 N.
1319 3630 1431 3695 Fran-

192 3746 309 3813 ciscus
326 3767 346 3811 a
363 3744 476 3812 Boriia
492 3745 556 3811 sub
573 3743 767 3831 ingressum
783 3744 935 3825 dederat,
953 3744 1014 3812 sed
1031 3745 1075 3810 ob
1088 3766 1198 3829 graue
1210 3766 1269 3811 aes
1281 3742 1431 3811 alienum

193 3882 324 3935 census
340 3858 396 3929 ille
411 3860 514 3929 vendi
531 3860 698 3927 debuerat
719 3859 761 3925 ad
777 3858 964 3926 minuenda
978 3871 992 3898 ⁰
1007 3858 1134 3940 debita;
1157 3858 1224 3925 iam
1247 3871 1361 3926 autem
1383 3858 1434 3925 ita
1459 3870 1463 3880 ’

193 3977 244 4043 illi
260 3991 315 4043 est
331 3986 562 4062 prospectum,
586 3986 623 4041 vt
643 3976 740 4041 firma
761 3998 822 4061 spe
845 3996 921 4043 esse
943 3975 1132 4043 debeamus
1156 3988 1363 4043 euenturum
1386 3977 1429 4042 de

193 4090 389 4179 parisiensi,
408 4093 499 4177 quod
515 4090 694 4178 praedixit.
714 4090 810 4158 Dixit
825 4090 973 4175 denique
991 4089 1084 4156 Patri
1102 4090 1272 4156 Balduino
1289 4091 1332 4157 ab
1355 4092 1434 4158 Λη-

193 4208 289 4295 gelo,
308 4226 386 4273 cum
407 4205 600 4275 mitteretur
616 4208 658 4273 ad
680 4205 776 4285 initia
796 4204 933 4292 collegii
953 4204 1174 4291 neapolitani,
1201 4207 1295 4291 quod
1317 4228 1433 4293 perse·

192 4322 354 4391 cotiones
370 4322 508 4408 quidem
524 4344 650 4410 graues
667 4322 701 4387 in
714 4322 865 4409 collegio
876 4321 935 4386 illo
947 4320 1144 4403 sustineret,
1160 4324 1221 4390 sed
1234 4334 1432 4389 secuturam

196 4500 413 4512 ——n—n·

250 4618 266 4646 ¹²
301 4602 553 4657 Addunturlraec
571 4602 753 4658 verbascum
767 4608 868 4674 posset
886 4602 972 4673 paulo
990 4601 1174 4656 commodius
1193 4602 1224 4657 in
1241 4602 1369 4671 collegio
1386 4603 1437 4656 ha·

198 4694 283 4748 bere.
321 4706 371 4734 -ο
393 4690 594 4747 minuendum.
