3500 5367
379 406 432 477 &i
514 450 519 463 .
759 409 968 465 Monoamra
988 409 1169 467 louarrarm

345 560 534 633 Quignonius
548 560 600 627 (de
618 561 798 632 Quinooes),
816 560 935 617 Franci·
1025 560 1089 631 366,
1099 576 1164 631 4223
1181 566 1284 637 quanti
1305 566 1419 637 ignatio
1441 564 1573 619 emetita·

381 666 460 717 scus,
478 647 517 708 Ο.
545 648 577 705 S.
595 649 641 721 F,
668 649 826 705 cardinalis
851 648 934 706 Stae.
1026 649 1095 721 rint,
1108 650 1173 724 3663
1196 654 1341 727 quaedam
1361 654 1516 711 traduntur
1526 672 1574 726 pro

380 737 496 807 Crucis,
509 746 614 793 auctor
625 738 695 793 novi
709 736 859 807 breviarii,
870 737 934 807 518.
1028 739 1137 795 tuenda
1145 741 1254 812 lgnatii
1264 743 1446 813 valetudine,
1454 754 1573 812 577-579.

345 828 560 901 Quintarnaya,
572 828 703 899 Joannes
711 829 760 899 de,
771 830 880 900 scriba,
891 827 936 897 28,
992 827 1145 899 Reinalde,
1161 831 1291 901 Joannes
1302 832 1353 900 de,
1362 833 1464 889 socius
1477 832 1576 902 lgmtii

383 916 447 986 598.
1027 918 1251 989 complutensis,
1262 932 1309 988 71,
1319 919 1428 991 78,6ua
1442 920 1507 989 604,
1516 920 1576 987 6116,

345 1004 489 1075 Quiroga,
505 1004 681 1077 Gasparde,
700 1003 939 1077 archiepiscopus
1029 1007 1094 1075 608,
1106 1008 1249 1080 622,624.

382 1096 530 1150 toletanus
543 1104 574 1150 et
586 1093 753 1165 cardinalis,
769 1091 901 1163 761-763.
993 1095 1158 1153 Relaxatio.
1172 1099 1279 1168 Qualis
1292 1100 1401 1157 nostris
1411 1100 1577 1174 permitten-

624 1233 662 1292 η
1029 1184 1077 1255 da,
1100 1199 1163 1255 5⁰23
1182 1189 1374 1245 relaxationis
1392 1188 1576 1263 quotidianae

1030 1289 1148 1346 scopus,
1166 1288 1233 1344 421,
1245 1278 1315 1347 465;
1339 1278 1369 1333 in
1391 1276 1517 1348 collegio
1537 1294 1577 1331 ro-

348 1362 494 1431 liainaldi,
509 1380 539 1417 v.
548 1362 706 1435 Reynaldi.
1030 1376 1116 1417 mano
1138 1372 1271 1436 tempora
1295 1366 1413 1420 aestivo
1434 1382 1488 1437 per
1510 1364 1576 1419 duas

348 1451 938 1524 Ramirez,Beatria,601,605,6oo,620.
1030 1450 1115 1505 horas
1138 1462 1204 1523 post
1227 1453 1382 1525 prandium
1404 1452 1576 1526 producitur,

347 1541 938 1614 RamirezdeVergara,Alphonsus,24.
1029 1550 1169 1609 421,422.
1249 1570 1252 1577 ·

348 1631 476 1699 Ramiro,
495 1649 525 1691 v.
538 1630 686 1689 Remirus.
997 1630 1165 1702 Religiones
1192 1633 1257 1688 sive
1277 1632 1406 1690 familiae
1427 1633 1576 1704 religiosae

352 1721 527 1793 Rapondus,
542 1722 661 1792 Petrus,
674 1724 771 1777 locum
791 1730 897 1777 tenens
909 1728 940 1775 et
1030 1721 1100 1793 quid
1113 1722 1183 1792 sint,
1200 1722 1262 1792 153.
1536 1784 1539 1790 ,

388 1811 563 1884 vicegerens
594 1811 696 1867 vicarii
719 1813 815 1867 almae
837 1811 937 1881 Urbis,
996 1812 1159 1882 Remigius,
1176 1812 1271 1883 stus„
1284 1812 1331 1881 853
1344 1812 1393 1867 die
1408 1812 1474 1867 Sto.
1489 1812 1576 1865 Remi·

385 1902 563 1957 seutentiam
577 1900 634 1956 fert
644 1901 674 1956 in
684 1901 874 1956 Franciscum
885 1901 941 1955 Fe·
1030 1900 1081 1972 gio
1093 1920 1189 1970 sacra,
1207 1902 1328 1957 Parisiis
1341 1902 1507 1957 studiorum
1520 1917 1578 1954 cur·

276 2008 280 2012 ’
385 1988 580 2063 rrer,1gnatii
598 1992 852 2057 calumniatorem,
869 1990 936 2059 658,
1032 1991 1156 2048 ticulum
1170 1984 1335 2061 inchoatur,
1348 1992 1394 2059 85.

274 2075 276 2080 ’
384 2085 448 2151 659.
748 2110 754 2120 ·
996 2080 1132 2137 Remirus
1157 2081 1240 2151 (aliis
1266 2081 1416 2153 Ramirus,
1446 2079 1576 2145 1111111111,

352 2172 448 2225 Ratio.
462 2171 497 2225 In
509 2172 600 2225 rebus
616 2169 812 2225 decernendis
827 2186 888 2225 oon
900 2170 941 2225 af·
1032 2170 1065 2225 P.
1080 2170 1241 2236 Antonius,
1260 2170 1294 2225 S.
1322 2172 1364 2241 J.,
1383 2168 1577 2225 111119ιί9111-

385 2259 494 2326 fectus,
506 2258 561 2315 sed
571 2258 717 2314 rationem
729 2259 815 2331 sequi
833 2259 940 2315 ducem
1034 2260 1070 2315 tit
1091 2260 1243 2331 exemplar
1255 2258 1343 2314 Vitae
1360 2258 1417 2317 Sti.
1439 2256 1544 2329 Ignatii
1563 2272 1578 2309 a

385 2356 514 2421 oportet,
525 2348 589 2418 481.
1032 2342 1575 2419 Ribadeneiraconscriptae,712,713.

350 2436 511 2492 Ratisbona
527 2438 761 2509 (Regensburg),
777 2455 859 2511 opp,
881 2452 941 2508 124,
997 2436 1180 2508 Resignatio.
1201 2436 1302 2491 Animi
1317 2436 1482 2507 resignatio
1498 2444 1527 2489 et
1541 2434 1577 2489 io-

388 2525 525 2598 148‚719.
1033 2526 1199 2583 differentia
1212 2524 1326 2595 lgnatio
1334 2524 1513 2595 gratissima,
1522 2536 1576 2593 514.

350 2616 483 2685 Ravana,
496 2614 672 2669 Vincentius
685 2614 734 2686 de,
748 2617 941 2688 sycophanta,
998 2613 1577 2687 Respublica.Quaeimpedireautemeo·

386 2703 450 2774 319.
1033 2705 1103 2760 dare
1126 2703 1156 2760 in
1175 2722 1208 2759 re
1230 2705 1349 2777 publica
1373 2700 1537 2777 nequimus,
1548 2718 1576 2755 ea

351 2792 507 2865 Raynaldi,
520 2811 548 2852 v.
564 2792 721 2865 Reynaldi.
1034 2794 1100 2849 Deo
1120 2794 1382 2863 commendemus,
1408 2806 1577 2864 agamusque

352 2882 501 2937 Recursus
522 2881 560 2936 ad
582 2882 691 2938 Deum.
714 2882 795 2938 Nihil
818 2882 943 2954 alicujus
1034 2886 1148 2941 interea
1159 2900 1265 2956 quaea
1282 2882 1368 2938 nobis
1390 2882 1474 2937 Deus
1494 2878 1578 2951 requi·

387 2968 530 3025 momenti
546 2970 695 3041 agendum
706 2970 779 3041 quin
795 2969 833 3024 ad
846 2971 942 3024 Deum
1033 2974 1145 3031 siturus
1157 2982 1214 3040 est,
1228 2984 1292 3041 472.

387 3058 468 3131 prius
481 3066 659 3128 recurratur,
674 3070 736 3127 515.
999 3062 1154 3118 Revelatio
1167 3060 1250 3129 falsa,
1269 3058 1335 3130 305,
1354 3076 1412 3115 non
1428 3058 1515 3115 tacite
1525 3074 1578 3112 cre

351 3146 562 3203 Reiectorium.
574 3146 660 3217 Quae
673 3149 703 3202 in
716 3146 874 3203 refectorio
884 3164 944 3201 ser·
1034 3151 1163 3207 dendum
1194 3150 1317 3222 priuatis
1345 3148 1577 3211 revelationibus,

388 3230 571 3304 1111111,486,
584 3234 649 3304 487.
1033 3246 1098 3312 400.

351 3324 534 3379 Reformatio
579 3338 705 3379 morum.
751 3323 944 3396 Reipublicae
1000 3332 1077 3402 Rey,
1091 3328 1230 3385 Sanctius
1239 3328 1299 3395 del,
1314 3341 1377 3399 597.

389 3412 566 3468 christianae
575 3411 746 3467 reformatio
756 3410 942 3483 undepeten·
1000 3416 1148 3489 Reynaldi
1162 3416 1245 3487 (alias
1262 3416 1419 3488 Raynaldi,
1435 3412 1578 3481 Raioaldi),

388 3503 437 3573 da,
450 3500 615 3557 secundum
631 3501 741 3571 Ignatii
753 3501 945 3570 sententiam,
1036 3505 1159 3576 Caesar,
1172 3504 1327 3579 Tarquinii
1344 3514 1437 3577 pater,
1455 3504 1514 3559 188.

392 3604 454 3661 199.
595 3660 598 3663 ᾗ
1002 3592 1148 3666 Reynaldi
1171 3594 1255 3665 (alias
1281 3593 1449 3665 Raynaldi),
1473 3588 1579 3663 Tarqui·

355 3680 564 3751 Regensburg,
579 3699 608 3736 v.
621 3680 793 3737 Ratisbona.
1039 3683 1116 3751 nius,
1130 3682 1162 3739 S.
1177 3685 1218 3754 J.,
1230 3682 1490 3737 constantissimus
1503 3682 1530 3737 in
1539 3696 1578 3733 ro

272 3794 276 3801 ·
356 3767 538 3838 Reginaldos
549 3769 752 3841 (Regioaldo),
766 3771 825 3838 Fr,
847 3768 886 3827 O·
901 3770 947 3840 P,
1038 3771 1154 3827 catione
1166 3770 1204 3825 ad
1217 3770 1407 3841 Societatem,
1423 3773 1462 3826 ab
1479 3768 1580 3843 Ignatio

391 3856 461 3929 quid
472 3856 587 3929 judicet
598 3858 636 3912 de
649 3856 760 3913 femina
772 3857 949 3913 bononiensi
1040 3862 1206 3917 Valentiam
1232 3859 1431 3916 Metanorum
1457 3859 1578 3923 mittitur,

392 3945 566 4001 adaemone
578 3946 793 4018 circumventa,
808 3960 871 4014 252,
885 3945 948 4017 341,
1043 3948 1104 4019 187,
1130 3947 1194 4018 234,
1219 3961 1283 4018 412;
1310 3948 1388 4004 redit
1411 3948 1443 4003 io
1467 3947 1579 4009 ltaliam,

394 4034 457 4105 342,
467 4049 532 4105 407.
1041 4036 1162 4109 editque
1175 4036 1326 4091 Bononiae
1341 4038 1420 4091 clara
1438 4036 1580 4106 religiosae

358 4125 491 4195 Regulae
518 4125 678 4181 Societatis
704 4126 864 4197 diligenter
891 4142 952 4179 ser·
1041 4123 1213 4196 disciplinae
1227 4126 1375 4197 exempla,
1392 4124 1452 4193 187.

397 4212 521 4282 vandae,
534 4230 636 4268 earum
649 4222 883 4285 transgressores
900 4232 951 4286 pu·
1010 4214 1138 4285 Rhodus,
1150 4213 1256 4284 insula,
1269 4214 1316 4269 or.

395 4300 508 4369 niendi,
520 4301 584 4374 4483
604 4303 670 4357 loco
685 4300 952 4357 accommodandae
1008 4301 1204 4359 Ribadeneira
1222 4301 1453 4375 (Ribadeneyra,
1468 4303 1539 4357 Riba
1552 4296 1581 4351 de

398 4396 478 4459 sunt,
496 4402 560 4459 5193
582 4389 709 4463 quaeda
728 4390 872 4446 modestia
888 4408 951 4446 cor·
1045 4390 1156 4462 Neyra,
1179 4390 1400 4461 Rivadeoeira),
1418 4391 1456 4446 P.
1482 4392 1582 4447 Penus.

398 4479 536 4551 purisque
553 4478 767 4551 compositione
780 4489 883 4551 agunt,
904 4497 953 4535 ex·
1045 4480 1076 4535 S.
1096 4480 1137 4551 J.,
1150 4494 1179 4549 9,
1203 4490 1298 4547 its-27,
1320 4479 1367 4549 61,
1387 4476 1510 4549 68,158,
1533 4476 1580 4543 167,

399 4566 500 4637 plicari
521 4567 607 4638 jubet
629 4568 775 4637 Ignatios,
802 4566 864 4637 1⁶3,
891 4568 952 4637 164,
1048 4566 1187 4639 1o8,.176,
1209 4566 1510 4639 179,181,188,19ο,
1532 4576 1581 4633 197,
